2235 3581
277 197 372 245 160
497 195 1090 246 TUSCULANARUM
1137 195 1299 243 DISP
1309 192 1741 244 U'rA'rtoNUM

274 297 580 355 conveniat
608 297 731 373 ipse
759 297 980 353 viderit.
1053 295 1249 352 Gloria
1278 295 1510 370 quidem
1538 295 1711 352 huius
1738 302 1964 354 senten-

273 377 387 434 tiae
410 377 542 454 quis
569 384 656 434 est
678 376 776 433 illo
799 378 920 433 viro
945 377 1209 453 dignior?
1290 375 1415 432 Nos
1442 382 1633 433 tamen
1664 383 1967 433 teneamus

273 465 339 516 ut
369 457 445 513 sit
472 457 627 514 idem
664 456 1042 514 beatissimus,

355 536 494 593 XII.
541 537 617 594 Et
652 537 700 592 si
734 537 887 594 Zeno
917 537 1155 606 Cifiem,
1186 535 1405 592 advena
1438 535 1673 613 quidem
1708 535 1965 618 eQ

273 616 406 673 bilis
428 615 732 673 verborum
757 616 970 693 opifex,
992 615 1308 673 insinuasse
1338 635 1397 672 se
1424 615 1487 672 in
1516 616 1809 692 antiquam
1835 615 1967 691 phi-

275 696 601 774 losophiam
635 697 878 765 videtur,
911 695 1082 752 huius
1124 695 1440 752 sententiae
1482 695 1735 772 gravitas
1766 714 1801 752 a
1832 695 1966 752 Pla-

274 777 430 834 tonis
470 777 813 834 auctorit-ate
856 782 1163 852 repetatur,
1196 775 1350 852 apud
1395 794 1565 852 quem
1609 793 1777 852 saepe
1818 773 1964 832 haec

275 857 460 914 oratio
490 863 764 933 usurpata
797 863 900 926 est,
925 862 992 912 ut
1023 855 1169 911 nihil
1203 862 1429 932 praeter
1448 855 1720 912 virtutem
1752 855 1967 913 dicere-

273 944 370 992 tur
389 935 627 1007 bonum,
652 936 809 992 velut
831 937 890 992 in
913 935 1133 1011 Gorgia
1160 934 1439 1005 Socrates,
1460 954 1591 992 cum
1623 941 1771 992 esset
1798 953 1866 992 ex
1891 955 1963 992 eo

277 1015 600 1092 quaesitum
621 1015 987 1086 Archelaum,
1012 1014 1321 1072 Perdiccae
1341 1013 1543 1086 filium,
1564 1015 1664 1092 qui
1691 1014 1816 1072 t't'nn
1846 1015 1967 1073 for-

275 1095 674 1152 tunatissimus
701 1095 1021 1166 haberetur,
1045 1114 1239 1152 nonne
1267 1095 1500 1155 beatum
1530 1101 1773 1172 putaret.
1864 1101 1958 1153 35.

279 1176 313 1202 “
332 1175 509 1232 Haud
545 1175 708 1232 scio”
739 1176 958 1252 inquit:
1006 1176 1371 1252 “numquam
1402 1175 1556 1232 enim
1585 1193 1717 1232 eum
1751 1193 1821 1232 eo
1848 1175 1967 1232 col-

277 1255 502 1313 locutus
531 1255 713 1312 sum.''
778 1255 875 1312 An
897 1262 961 1312 tu
985 1255 1149 1312 aliter
1170 1256 1313 1312 seire
1334 1274 1451 1311 non
1473 1255 1679 1331 potes?
1734 1254 1769 1282 ‘⁴
1784 1254 1965 1312 Nullo

276 1335 510 1394 mod0.’'
572 1335 663 1392 Tu
687 1336 866 1413 igitur
885 1355 956 1392 ne
978 1334 1050 1391 de
1073 1334 1376 1392 Persarum
1396 1335 1629 1413 quidem
1653 1354 1787 1411 rege
1803 1354 1967 1412 mag-

277 1436 352 1473 no
375 1423 542 1493 pot-es
563 1416 750 1486 dicere
771 1415 1046 1473 beatusne
1075 1415 1189 1472 sit?
1270 1415 1305 1442 “
1321 1414 1416 1471 An
1440 1434 1549 1492 ego
1570 1415 1807 1492 possim,
1828 1433 1963 1472 cum

276 1497 537 1572 ignorem
568 1515 741 1574 quam
769 1496 847 1552 sit
873 1495 1096 1565 doetuS‚
1120 1514 1289 1571 quam
1320 1495 1408 1551 vir
1434 1493 1705 1560 bonusi’?
1768 1494 1967 1563 Quid?

277 1584 341 1633 tu
374 1577 434 1633 in
471 1595 540 1634 eo
583 1577 753 1634 sitam
785 1576 963 1632 vitam
998 1575 1224 1632 beatam
1259 1577 1469 1651 putas?
1552 1573 1695 1632 “Ita
1726 1593 1964 1652 prorsus

277 1658 562 1729 existi1n0‚
599 1657 784 1712 bonos
822 1655 1038 1726 beatOS‚
1075 1655 1372 1731 improbos
1412 1653 1685 1712 miseros!
1785 1655 1967 1712 Miser

277 1756 412 1814 ergo
447 1735 800 1794 Archelaus?
884 1735 1121 1806 “Cet-te,
1158 1735 1207 1792 si
1260 1734 1562 1794 iniustus.’'
1638 1734 1966 1794 Videturne

277 1837 507 1873 omnem
531 1817 624 1873 hie
649 1815 873 1873 beatam
892 1817 1069 1873 vitam
1099 1816 1159 1872 in
1189 1835 1306 1873 una
1322 1816 1533 1873 virtut-e
1554 1816 1800 1893 ponere?
1864 1822 1961 1874 36.

278 1896 432 1965 Qu'id
454 1898 625 1954 vero?
665 1898 724 1954 in
750 1895 1065 1974 Epitaphio
1085 1915 1201 1973 quo
1228 1895 1406 1953 modo
1434 1896 1627 1953 idem?
1696 1895 1847 1952 Nam
1867 1897 1961 1953 cui

276 1978 416 2047 vir0,
454 1977 658 2053 inquit,
696 1996 764 2034 ex
809 1996 867 2033 se
909 1977 1037 2052 ipso
1080 1983 1219 2053 apta
1271 1983 1405 2033 sunt
1453 1976 1665 2048 omnia,
1700 1995 1843 2053 quae
1887 1977 1962 2034 ad

275 2057 441 2115 beate
484 2057 795 2115 vivendum
839 2056 1052 2128 ferunt,
1089 2075 1195 2113 nee
1246 2075 1520 2133 suspensa
1567 2055 1809 2113 aliorum
1859 2064 1963 2114 aut

274 2137 431 2195 bono
465 2156 598 2196 casu
632 2144 732 2194 aut
764 2136 1052 2194 contrario
1085 2136 1337 2213 pendere
1370 2155 1439 2193 ex
1474 2136 1707 2193 alterius
1740 2137 1961 2193 eventis

276 2225 335 2276 et
363 2238 545 2276 errare
574 2224 876 2294 coguntur,
895 2216 1032 2274 huie
1061 2216 1282 2293 optime
1305 2215 1532 2273 vivendi
1562 2216 1709 2274 ratio
1732 2235 1963 2294 eompa-

276 2306 398 2356 rata
431 2306 532 2357 est.
617 2298 733 2356 Hie
776 2305 864 2355 est
896 2297 990 2355 ille
1023 2296 1371 2367 moderatus,
1402 2296 1497 2353 hio
1530 2296 1715 2367 fortiS,
1748 2295 1843 2353 hie
1878 2316 1962 2354 sa-

274 2380 456 2457 pienS,
479 2380 575 2437 hio
610 2386 668 2437 et
701 2377 1068 2437 nascentibus
1101 2384 1162 2435 et
1194 2374 1533 2433 cadentibus
1565 2396 1694 2434 oum
1726 2375 1961 2453 reliquis

276 2460 598 2517 commodis
642 2466 768 2517 tum
811 2459 1062 2516 maxime
1106 2456 1301 2515 liberis
1348 2456 1573 2534 parebit
1622 2464 1681 2513 et
1726 2456 1961 2515 obediet

275 2546 582 2617 praecepto
602 2540 687 2596 illi
708 2540 919 2596 veteri:
963 2558 1149 2615 neque
1172 2538 1326 2595 enim
1358 2535 1663 2594 laetabitur
1684 2556 1957 2614 umquam

275 2639 381 2677 nee
413 2618 691 2676 maerebit
723 2619 912 2688 nimis
935 2618 1091 2695 quod
1126 2636 1353 2695 semper
1379 2617 1439 2674 in
1474 2636 1533 2674 se
1566 2617 1689 2693 ipse
1724 2635 1957 2674 omnem

277 2719 437 2777 spem
485 2705 725 2776 reponet
775 2699 877 2755 sui.
963 2699 1049 2755 Ex
1095 2698 1207 2755 hoe
1256 2698 1436 2775 igitur
1481 2696 1745 2755 Platonis
1795 2697 1959 2775 quasi

277 2780 540 2856 quodam.
563 2785 760 2836 saneto
795 2786 1154 2855 augustoque
1188 2778 1354 2835 fonte
1387 2784 1585 2835 nostra
1618 2777 1807 2834 omnis
1838 2796 1960 2835 ma-

275 2859 437 2917 nabit
472 2860 670 2916 orati0.

312 2986 317 2993 .
356 2937 524 2995 XIII.
612 2938 704 2994 37.
749 2936 926 2995 Unde
966 2937 1147 3013 igitur
1186 2937 1363 2994 ordiri
1404 2937 1616 2995 rectius
1649 2956 1957 3014 possumus

276 3037 447 3095 quam
495 3037 529 3074 a
573 3017 867 3074 communi
907 3023 1144 3092 parente
1188 3018 1426 3075 natura?
1471 3037 1632 3094 quae,
1672 3017 1957 3095 quidquid

275 3098 492 3174 genuit,
517 3115 634 3153 non
663 3095 840 3152 modo
875 3096 1101 3167 animal,
1128 3096 1228 3153 sed
1257 3098 1429 3154 etiam
1466 3099 1624 3175 quod
1651 3098 1733 3155 ita
1762 3105 1955 3155 ortum

276 3183 424 3233 esset
451 3195 482 3233 e
510 3182 676 3246 terra,
700 3182 766 3231 ut
789 3175 1062 3251 stirpibus
1095 3176 1211 3232 suis
1240 3177 1533 3248 niteretur,
1557 3178 1616 3235 in
1652 3198 1756 3235 suo
1792 3177 1957 3255 quid-

278 3274 388 3331 que
421 3254 978 3331 genere'perfeetum
1019 3274 1141 3311 esse
1176 3256 1371 3313 voluit.
1458 3257 1658 3334 Itaque
1701 3266 1759 3316 et
1791 3258 1954 3315 arbo-
