2235 3581
332 173 427 218 156
551 169 1147 220 TUSCULANARUM
1190 167 1675 219 DISPUTATION
1684 168 1793 218 ΠΜ

330 272 629 349 quisquam
667 291 786 329 esse
819 270 1022 328 beatus
1053 289 1241 348 posse,
1278 289 1409 327 cum
1444 271 1505 326 in
1547 269 1715 326 malis
1756 277 1923 342 esset,
1960 271 2029 328 in

329 353 497 410 malis
525 359 714 410 autem
745 352 1064 428 sapientem
1093 371 1215 408 esse
1242 370 1429 428 posse,
1461 350 1509 406 si
1538 356 1727 407 essent
1758 349 1872 407 ulla
1900 369 2031 408 cor-

328 433 486 510 poris
535 439 636 490 aut
681 433 950 490 fortunae
998 431 1165 489 mala.
1248 429 1609 488 Dicebantur
1666 429 1825 500 haec,
1872 450 2029 508 quae

330 513 676 590 scriptitavit
704 513 878 570 etiam
910 511 1237 570 Antiochus
1269 511 1411 568 locis
1443 510 1719 588 pluribus,
1744 511 2026 568 virtutem

329 594 512 670 ipsam
548 613 650 670 per
683 613 742 650 se
773 592 1002 649 beatam
1038 593 1218 650 vitam
1261 591 1481 648 efficere
1514 610 1683 667 posse
1719 610 1904 668 neque
1938 599 2029 648 ta-

331 693 461 732 men
485 673 904 731 beatissimam:
949 673 1159 729 deinde
1188 692 1257 728 ex
1284 671 1500 728 maiore
1530 678 1691 747 parte
1720 670 2027 748 plerasque

332 774 420 811 res
463 755 763 824 nominari,
801 753 975 810 etiam
1017 752 1068 809 si
1111 772 1256 829 quae
1299 771 1431 829 pars
1471 751 1710 821 abesset,
1742 757 1808 807 ut
1850 752 2023 820 vires,

331 842 396 892 ut
433 833 835 904 valetudinem,
863 841 926 891 ut
957 832 1205 903 divitias,
1232 840 1295 889 ut
1330 831 1628 900 honorem,
1654 839 1720 888 ut
1752 831 2021 907 gloriam.

332 934 476 991 quae
509 934 732 991 genere,
765 934 882 970 non
917 933 1157 970 numero
1200 919 1579 982 cernerentur,
1611 912 1750 968 item
1788 909 2019 968 beatam

333 995 526 1065 vitam,
559 995 732 1052 etiam
769 995 815 1050 si
851 1014 920 1051 ex
954 993 1146 1070 aliqua
1178 1000 1340 1069 parte
1381 991 1686 1062 clauderet,
1718 998 1913 1049 tamen
1949 1013 2023 1049 ex

330 1073 515 1132 multo
538 1075 754 1132 maiore
775 1081 938 1151 parte
960 1074 1220 1131 obtinere
1242 1092 1453 1130 nomen
1474 1091 1658 1129 suum.
1729 1077 1823 1129 23.
1856 1065 2023 1129 Haec

333 1174 483 1212 nunc
517 1154 810 1212 enucleare
845 1174 962 1212 non
998 1155 1080 1210 ita
1111 1173 1341 1211 necesse
1376 1161 1477 1224 est,
1510 1171 1861 1229 quamquam
1896 1171 2019 1209 non

331 1236 792 1293 constantissime
821 1235 932 1292 dici
963 1235 1108 1290 mihi
1132 1234 1413 1290 videntur.
1499 1231 1647 1289 Nam
1682 1240 1740 1289 et
1770 1232 1870 1308 qui
1892 1232 2024 1290 bea-

331 1323 424 1373 tus
453 1326 540 1374 est
568 1336 684 1374 non
715 1315 986 1392 intellego
1010 1315 1152 1393 quid
1180 1314 1446 1391 requirat,
1473 1320 1538 1369 ut
1567 1313 1643 1369 sit
1670 1312 1925 1370 beatior:
1972 1314 2019 1369 si

310 1404 418 1454 ,cst
451 1397 605 1454 enim
642 1396 798 1474 quod
832 1397 997 1466 desit,
1023 1415 1094 1452 ne
1128 1395 1331 1452 beatus
1365 1394 1595 1472 quidem
1633 1400 1735 1463 est,
1760 1400 1835 1462 et,
1862 1394 2023 1470 quod

331 1497 400 1534 cx
435 1478 650 1534 maiore
685 1483 846 1554 parte
879 1496 1052 1532 unam
1086 1494 1373 1551 quamque
1407 1493 1527 1531 rem
1561 1473 1835 1550 appellari
1865 1493 2023 1551 spec-

331 1558 554 1636 tarique
577 1558 794 1628 dicunt,
819 1565 908 1614 est
928 1555 1026 1613 ubi
1050 1556 1110 1612 id
1135 1556 1246 1612 isto
1269 1554 1445 1611 modo
1469 1553 1684 1610 valeat:
1729 1573 1860 1610 cum
1885 1573 2021 1611 vero

332 1638 442 1696 tria
474 1657 684 1715 genera
715 1637 994 1695 malorum
1039 1655 1161 1694 esse
1195 1635 1405 1705 dicant,
1438 1635 1536 1712 qui
1570 1633 1814 1690 duorum
1850 1653 2023 1710 gene-

331 1739 459 1776 rum
488 1718 653 1775 malis
682 1716 952 1775 omnibus
979 1713 1304 1795 urguemur,
1331 1724 1395 1772 ut
1424 1714 1619 1772 omnia
1646 1713 1883 1771 adversa
1904 1714 2022 1771 sint

331 1801 392 1856 in
421 1800 672 1869 fortuna,
699 1797 967 1856 omnibus
996 1816 1334 1875 oppressum
1364 1815 1572 1873 corpus
1600 1802 1659 1853 et
1687 1796 2017 1853 confectum

332 1878 644 1950 doloribUS,
677 1879 810 1936 huic
852 1879 1183 1956 paullumne
1226 1877 1299 1935 ad
1338 1876 1565 1934 beatam
1603 1876 1775 1933 vitam
1822 1875 2020 1933 deesse

332 1960 605 2032 dicemuS,
631 1980 748 2017 non
776 1960 956 2017 modo
984 1960 1058 2016 ad
1088 1958 1513 2015 beatissimam?

413 2040 518 2098 IX.
605 2046 698 2098 24.
743 2040 877 2097 Hoc
906 2039 1050 2096 illud
1083 2048 1187 2111 est,
1214 2037 1371 2115 quod
1392 2036 1825 2114 Theophrastus
1854 2036 2021 2093 susti-

331 2140 466 2178 nere
501 2140 615 2178 non
651 2121 859 2198 potuit.
947 2120 1098 2177 Nam
1133 2138 1265 2175 cum
1300 2118 1595 2175 statuisset
1622 2116 1869 2186 verbera,
1903 2125 2017 2173 tor-

332 2208 543 2272 menta,
569 2202 868 2272 cruciatuS,
892 2201 1110 2278 patriae
1140 2199 1476 2268 eversiones,
1502 2197 1716 2267 exsilia,
1742 2196 2021 2254 orbitates

333 2302 605 2360 magnam
638 2283 752 2339 vim
791 2282 1000 2340 habere
1041 2280 1116 2337 ad
1149 2279 1298 2337 male
1339 2279 1657 2355 misereque
1690 2277 2017 2346 vivendum,

333 2383 448 2421 non
479 2370 565 2421 est
593 2382 762 2420 ausus
791 2362 936 2420 elate
965 2368 1023 2418 et
1045 2360 1235 2437 ample
1258 2359 1434 2436 loqui,
1454 2378 1586 2415 cum
1610 2358 1907 2415 humiliter
1928 2358 2022 2415 de·

333 2444 617 2520 misseque
660 2443 912 2500 sentiret.
983 2441 1172 2511 Quam
1210 2440 1356 2497 bene
1399 2457 1516 2495 non
1557 2437 1865 2514 quaeritur,
1890 2457 2021 2495 con-

333 2530 550 2581 stanter
573 2524 804 2600 quidem
835 2530 1003 2580 certe.
1090 2521 1293 2598 Itaque
1322 2519 1467 2577 mihi
1490 2518 1711 2595 placere
1734 2536 1850 2574 non
1876 2517 2021 2574 solet

333 2604 742 2679 consequentia
783 2602 1210 2680 reprehendere,
1256 2620 1388 2658 cum
1431 2600 1618 2677 prima
1658 2598 2015 2655 concesseris

334 2683 448 2740 Hic
477 2690 670 2740 autem
693 2683 1150 2760 elegantissimus
1178 2682 1437 2739 omnium
1462 2677 1938 2756 philosophorum
1964 2687 2021 2735 et

334 2764 752 2821 eruditissimus
785 2784 901 2821 non
935 2782 1149 2840 magno
1194 2781 1363 2839 opere
1406 2758 1857 2836 reprehenditur,
1890 2777 2018 2815 cum

334 2845 445 2901 tria
475 2863 685 2921 genera
716 2844 860 2901 dicit
894 2841 1195 2913 bonorum,
1228 2848 1465 2901 vexatur
1497 2846 1690 2897 autem
1732 2837 1806 2895 ab
1842 2838 2021 2895 omni-

334 2923 457 2995 buS,
483 2924 734 3001 primum
764 2924 824 2980 in
855 2942 922 2980 eo
953 2922 1116 2993 libro,
1142 2941 1311 2999 quem
1342 2921 1570 2998 scripsit
1598 2920 1670 2977 de
1699 2918 1819 2975 vita
1835 2917 2015 2988 beata,

335 3004 394 3060 in
426 3024 540 3081 quo
568 3004 752 3061 multa
779 3003 1055 3079 disputat,
1081 3021 1254 3079 quam
1290 3000 1365 3057 ob
1394 3020 1515 3057 rem
1544 3000 1609 3070 is,
1633 2999 1732 3077 qui
1760 3005 2020 3074 torquea-

335 3091 445 3154 tur,
489 3083 589 3160 qui
634 3082 931 3152 crucietur,
973 3081 1177 3139 beatus
1220 3100 1341 3137 esse
1388 3098 1505 3137 non
1551 3080 1750 3156 possit.
1839 3078 1907 3135 In
1952 3097 2019 3135 eo

336 3163 509 3220 etiam
539 3169 776 3239 putatur
796 3161 982 3218 dicere
1012 3162 1072 3218 in
1101 3168 1287 3218 rotam
1314 3155 1400 3233 [id
1422 3166 1509 3217 est
1536 3178 1719 3232 genus
1746 3158 2017 3216 tormenti

337 3242 490 3317 apud
525 3238 797 3317 Graecos]
835 3240 1061 3299 beatam
1095 3241 1272 3318 vitam
1317 3259 1433 3295 non
1478 3239 1795 3296 escendere.
1886 3238 2013 3295 Non
