2235 3581
738 183 877 232 Lm.
912 184 973 244 1.,
1006 183 1164 234 CAP.
1196 183 1428 247 xxm,
1461 183 1662 233 xxlv.
1979 187 2040 234 25

356 286 569 343 derem.
675 283 828 342 Nam
898 285 1252 362 sanguinem,
1303 285 1496 358 bilem,
1555 286 1843 363 pituitam,
1895 306 2038 359 ossa,

356 384 578 435 nerVOS,
602 383 793 436 venaS‚
818 383 1051 422 omnem
1080 365 1328 443 denique
1356 365 1747 424 membrorum
1776 372 1834 424 et
1859 367 2040 424 totius

356 445 613 522 corporis
646 444 888 521 figuram
918 446 1119 503 videor
1159 465 1328 522 posse
1369 447 1557 504 dicere
1590 447 1743 504 unde
1777 455 2042 506 concreta

356 531 417 583 et
446 544 563 602 quo
590 525 771 582 modo
799 525 955 582 fact-a
988 527 1136 582 sint:
1181 526 1438 582 animum
1466 527 1674 603 ipsum,
1706 527 1754 583 si
1781 527 1926 584 nihil
1959 548 2041 586 es-

356 611 444 662 set
470 605 533 660 in
562 623 631 662 eo
664 604 777 661 nisi
808 605 888 676 id,
920 611 987 662 ut
1018 625 1122 682 per
1163 625 1295 662 eum
1324 607 1657 677 viveremUS,
1687 613 1808 664 tam
1834 615 2040 666 natura

354 691 620 762 putarem
652 684 911 742 hominis
935 685 1115 742 vitam
1150 686 1457 742 sustentari
1491 705 1663 763 quam
1683 687 1833 757 vitis,
1867 707 2038 764 quam

354 764 606 822 arboris:
650 764 791 821 haec
832 765 987 821 enim
1030 767 1205 822 etiam
1240 765 1485 822 dicimus
1518 767 1720 824 vivere.
1807 767 1956 823 Item
1989 769 2038 824 si

353 843 501 900 nihil
534 843 771 902 haberet
804 844 1030 902 animus
1063 845 1334 916 hominis,
1365 846 1476 902 nisi
1509 842 1589 903 utv
1609 853 1906 923 appeteret
1939 854 2039 905 aut

353 925 599 1000 fugeret,
636 924 699 981 id
744 943 973 1001 quoque
1015 931 1164 982 esset
1205 920 1260 981 ei
1301 944 1604 982 commune
1647 946 1779 983 cum
1819 926 2033 985 bestiis.

356 1004 448 1061 57.
494 1003 693 1061 Habet
724 1004 979 1081 primum
1011 1004 1350 1062 memoriam
1385 1011 1444 1062 et
1477 1025 1604 1063 eam
1638 1005 1923 1064 infinitam
1957 1027 2040 1065 re·

353 1103 482 1141 rum
516 1084 1049 1142 innumerabilium:
1095 1105 1267 1162 quam
1312 1086 1546 1163 quidem
1579 1086 1749 1143 Plato
1783 1087 2040 1144 recorda-

352 1165 574 1221 tionem
598 1183 717 1222 esse
741 1164 862 1222 vult
892 1166 1200 1242 superioris
1221 1166 1386 1224 vitae.
1472 1165 1624 1222 Nam
1653 1167 1715 1223 in
1741 1166 1842 1223 illo
1870 1166 2035 1239 libre,

354 1245 455 1320 qui
482 1244 810 1302 inscribitur
844 1246 1066 1317 Μένων,
1097 1246 1402 1322 pusionem
1437 1247 1745 1323 quemdam
1775 1245 2038 1304 Socrates

353 1324 670 1402 interrogat
705 1325 985 1402 quaedam
1026 1327 1376 1402 geometrica
1407 1327 1480 1383 de
1512 1326 1871 1384 dimensione
1906 1346 2040 1404 qua-

353 1403 518 1462 drati.
589 1405 689 1462 Ad
711 1425 778 1462 ea
806 1406 886 1463 sic
913 1406 1007 1463 ille
1035 1406 1360 1482 respondet,
1384 1413 1452 1464 ut
1471 1425 1630 1482 puer,
1655 1413 1714 1462 et
1741 1413 1935 1463 tamen
1958 1407 2040 1464 ita

353 1484 552 1542 faciles
584 1485 1065 1564 interrogationes
1100 1493 1250 1557 sunt,
1275 1493 1340 1542 ut
1373 1486 1660 1562 gradatim
1687 1486 2039 1562 respondens

354 1564 560 1622 eodem
594 1567 891 1642 perveniat
926 1585 1039 1642 quo
1074 1566 1123 1622 si
1163 1567 1514 1642 geometrica
1554 1565 1864 1622 didicisset.
1950 1566 2039 1623 Ex

355 1663 470 1721 quo
500 1645 647 1702 effici
674 1647 800 1704 vult
833 1646 1095 1704 Socrates
1127 1653 1195 1703 ut
1223 1646 1440 1704 discere
1472 1645 1618 1702 nihil
1645 1645 1803 1702 aliud
1831 1645 1907 1702 sit
1928 1645 2039 1703 nisi

354 1725 653 1784 recordari.
734 1725 918 1795 Quem
948 1727 1142 1784 locum
1174 1727 1361 1784 multo
1391 1726 1566 1784 etiam
1595 1726 1914 1783 accuratius
1947 1745 2040 1782 ex-

353 1805 532 1882 plieat
562 1808 625 1863 in
660 1825 727 1864 eo
760 1826 1037 1879 sermone,
1072 1826 1244 1885 quem
1277 1807 1482 1865 habuit
1515 1826 1584 1864 eo
1617 1808 1745 1883 ipso
1779 1807 1890 1879 die,
1923 1826 2038 1883 quo

354 1886 596 1944 excessit
624 1906 656 1945 e
676 1886 825 1945 vita:
862 1888 1033 1945 docet
1060 1889 1214 1949 enim
1247 1888 1520 1965 quemvis,
1546 1887 1646 1965 qui
1675 1887 1936 1944 omnium
1958 1906 2040 1943 re-

354 1985 484 2023 rum
528 1967 687 2025 rudis
736 1970 855 2025 ease
882 1968 1160 2038 videatur,
1197 1967 1342 2025 bene
1387 1968 1767 2044 interroganti
1809 1986 2040 2043 respon-

356 2046 589 2105 dentem
632 2047 914 2105 declarare
956 2066 1015 2105 se
1056 2067 1176 2105 non
1218 2055 1345 2104 tum
1399 2048 1497 2105 illa
1539 2047 1772 2118 discere,
1817 2047 1918 2104 sed
1958 2066 2040 2103 re-

354 2128 713 2185 miniscendo
754 2146 1178 2205 recognoscere,
1222 2146 1328 2184 nec
1362 2146 1495 2185 vero
1536 2126 1661 2184 fieri
1701 2127 1819 2184 ullo
1859 2126 2038 2184 modo

356 2226 524 2284 posse
552 2214 619 2264 ut
652 2227 686 2264 a
716 2208 910 2285 pueris
942 2215 1033 2265 tot
1068 2227 1260 2265 rerum
1302 2214 1474 2283 atque
1514 2214 1806 2264 tantarum
1839 2207 2040 2263 insitas

358 2294 417 2345 et
438 2288 598 2363 quasi
627 2288 991 2365 consignatas
1024 2288 1084 2345 in
1114 2288 1323 2344 animis
1351 2287 1632 2358 notioneS‚
1659 2305 1799 2363 quas
1819 2286 2040 2350 ἐννοίας

358 2374 581 2436 vocant,
612 2367 966 2439 haberemuS,
997 2368 1110 2425 nisi
1159 2368 1400 2438 animuS,
1433 2373 1565 2423 ante
1609 2385 1780 2443 quam
1821 2367 1883 2423 in
1923 2385 2041 2423 cor-

356 2467 466 2524 pus
502 2448 845 2519 intravisset,
874 2448 936 2503 in
975 2468 1164 2505 rerum
1207 2447 1538 2525 cognitione
1565 2446 1855 2523 viguisset.
1944 2452 2035 2503 58.

358 2527 620 2606 Cumque
655 2528 801 2585 nihil
834 2535 997 2599 esset,
1022 2536 1088 2585 ut
1116 2528 1386 2585 omnibus
1418 2526 1559 2584 locis
1593 2546 1626 2583 a
1652 2525 1898 2584 Platone
1931 2527 2042 2583 dis-

358 2608 789 2665 seritur—nihil
817 2608 971 2665 enim
999 2616 1168 2685 putat
1197 2626 1317 2666 esse
1347 2608 1505 2685 quod
1533 2607 1749 2664 oriatur
1781 2613 1841 2665 et
1872 2607 2042 2663 inter-

358 2694 466 2759 eat,
502 2688 677 2765 idque
722 2688 910 2745 solum
952 2708 1088 2759 esse,
1128 2689 1285 2765 quod
1327 2706 1552 2765 semper
1591 2687 1704 2745 tale
1747 2687 1838 2758 sit,
1876 2686 2041 2763 quale

360 2761 477 2840 [sit,
502 2766 704 2845 quam]
738 2766 891 2825 ἰδέαν
920 2768 1173 2845 appellat
1200 2769 1312 2839 ille,
1336 2788 1443 2825 nos
1465 2767 1913 2844 speciem—non
1941 2785 2043 2842 po-

356 2848 471 2905 tuit
499 2848 725 2906 animus
752 2848 892 2905 haec
921 2849 981 2905 in
1016 2868 1256 2925 corpore
1289 2848 1540 2906 inclusus
1567 2866 1890 2923 agnoscere,
1913 2864 2043 2921 cog-

356 2927 481 2985 nita
507 2929 731 2986 attulit:
776 2948 845 2985 ex
869 2948 983 3005 quo
1005 2935 1127 2986 tam
1146 2928 1460 2985 multarum
1481 2947 1666 2985 rerum
1694 2926 2042 3004 cognitionis

358 3006 661 3066 admiratio
704 3007 943 3066 tollitur.
1029 3007 1232 3085 Neque
1279 3027 1345 3065 ea
1384 3007 1553 3084 plane
1595 3008 1752 3065 videt
1797 3006 2038 3076 animUS,

358 3106 490 3143 cum
522 3094 759 3164 repente
794 3089 855 3145 in
889 3095 1010 3145 tam
1044 3088 1345 3145 insolitum
1378 3095 1614 3165 tamque
1646 3085 2043 3163 perturbatum

357 3166 717 3225 domicilium
765 3168 1142 3245 immigravit,
1171 3169 1286 3239 sed,
1319 3186 1449 3225 cum
1497 3187 1556 3224 se
1598 3165 1830 3241 collegit
1872 3172 2043 3241 atque

357 3248 649 3321 recreavit,
680 3255 809 3306 tum
837 3248 1102 3323 agnoscit
1130 3248 1228 3305 illa
1259 3247 1694 3305 reminiscendo,
1782 3245 1872 3302 Ita
1898 3244 2042 3303 nihil
