2235 3581
290 165 321 211 4
517 162 563 210 T
570 162 695 211 USC
703 160 1109 212 ULANARUM
1147 161 1634 212 DISPUTATION
1641 163 1746 213 UM

287 282 496 340 genere
523 263 705 320 virtus
734 263 795 319 in
838 261 969 320 ullis
1009 261 1142 333 fuit,
1166 267 1234 319 ut
1261 261 1338 319 sit
1365 282 1498 320 cum
1533 264 1848 322 maioribus
1875 283 1976 324 no-

289 343 421 400 stris
444 341 863 419 comparanda?
947 349 998 400 3.
1043 341 1328 400 Doctrina
1346 341 1585 401 Graecia
1604 362 1712 401 nos
1733 351 1793 403 et
1815 348 1974 404 omni

286 423 607 480 litterarum
647 441 855 499 genere
898 421 1219 499 superabat,
1244 422 1305 479 111
1341 442 1456 500 quo
1495 430 1616 481 erat
1656 425 1826 483 facile
1857 427 1975 484 vin-

287 522 413 560 cere
461 522 579 559 non
626 509 1025 579 repugnantes
1129 501 1282 560 Nam
1337 522 1468 560 cum
1522 504 1677 580 apud
1725 504 1974 564 Graecos

286 582 751 659 antiquissimum
786 602 817 640 e
860 582 1046 640 doctis
1085 601 1269 658 genus
1301 582 1377 639 sit
1409 589 1733 658 poetarum,
1765 585 1814 642 si
1853 587 1974 663 qui-

288 663 420 719 dem
451 662 741 719 Homerus
768 663 886 720 fuit
914 669 973 719 et
1006 661 1302 719 Hesiodus
1333 669 1469 720 ante
1501 663 1750 720 Romam
1777 667 1974 723 condi-

287 750 423 814 tam,
449 741 826 802 Archilochus
860 749 1134 818 regnante
1167 741 1436 814 Romule,
1469 744 1646 801 serius
1679 745 1972 821 poeticam

286 842 392 878 nos
426 822 764 898 accepimus,
837 822 1027 878 Annis
1061 822 1216 879 enim
1260 823 1381 880 fere
1423 842 1507 880 nx
1547 830 1682 900 post
1722 824 1970 882 Romam

224 967 231 974 ,
286 902 581 959 conditam
610 901 805 960 Livius
826 902 1083 959 fabulam
1112 901 1275 960 dedit
1297 901 1361 959 O.
1387 902 1630 960 Claudio
1653 903 1823 962 Caeci
1851 905 1970 962 filio

286 981 363 1038 M.
396 981 686 1039 Tuditano
721 981 1066 1053 consulibus,
1091 1001 1243 1039 anno
1277 989 1411 1040 ante
1445 990 1646 1040 natum
1679 984 1968 1043 Ennium:

289 1063 388 1138 qui
422 1062 538 1119 fuit
570 1062 755 1119 maior
786 1069 927 1119 natu
960 1081 1133 1139 quam
1167 1062 1410 1120 Plautus
1443 1069 1502 1120 et
1535 1063 1802 1121 NaeviuS.
1889 1065 1965 1122 II.

286 1141 425 1199 Sero
461 1142 638 1218 igitur
670 1162 704 1198 a
736 1142 947 1199 nostris
978 1149 1190 1218 poetae
1223 1142 1313 1200 vel
1347 1143 1567 1220 cogniti
1601 1143 1688 1200 vel
1735 1146 1965 1222 recepti.

286 1221 647 1299 Quamquam
683 1229 769 1279 est
811 1223 869 1278 in
906 1221 1244 1298 Originibus
1286 1223 1486 1280 solitos
1521 1243 1641 1280 esse
1682 1225 1742 1280 in
1786 1225 1970 1301 epulis

285 1321 485 1359 canere
515 1303 782 1359 convivas
814 1302 889 1358 ad
920 1302 1221 1360 tibicinem
1255 1302 1326 1359 de
1355 1302 1634 1361 clarorum
1665 1303 1970 1361 hominum

284 1382 609 1453 virtutibUS,
645 1381 926 1439 honorem
974 1388 1168 1439 tamen
1216 1382 1352 1440 huic
1392 1384 1590 1460 generi
1630 1403 1748 1440 non
1790 1384 1969 1442 fuisse

286 1461 534 1519 declarat
567 1462 750 1519 oratio
784 1461 1039 1533 Catoni8‚
1070 1462 1132 1518 in
1175 1482 1291 1540 qua
1333 1463 1549 1520 obiecit
1585 1470 1652 1520 ut
1692 1463 1967 1540 probrum

284 1542 363 1600 M.
396 1541 700 1614 Nobiliori,
727 1542 883 1620 quod
912 1543 961 1598 is
980 1543 1047 1598 in
1078 1543 1432 1618 provinciam
1461 1549 1666 1619 poetas
1693 1544 1964 1602 duxisset.

282 1622 543 1680 Duxerat
584 1631 778 1680 autem
820 1623 1019 1680 consul
1060 1623 1156 1680 ille
1189 1623 1250 1679 in
1284 1622 1593 1693 Aetoliam,
1629 1630 1696 1680 ut
1737 1624 1964 1694 scimuS,

282 1703 555 1760 Ennium.
642 1702 771 1771 Quo
804 1703 997 1760 minus
1028 1703 1210 1780 igitur
1242 1702 1477 1759 honoris
1509 1709 1632 1760 erat
1663 1703 1872 1780 poene,
1897 1723 1966 1761 eo

282 1783 509 1841 minora
536 1783 727 1841 studia
753 1784 1005 1854 fuerunt,
1036 1802 1143 1841 nec
1171 1789 1383 1855 tamen,
1413 1782 1478 1855 si,
1505 1783 1603 1861 qui
1631 1783 1858 1862 magnis
1883 1784 1968 1841 in·

282 1864 469 1941 geniis
501 1864 563 1921 in
592 1883 659 1921 eo
688 1883 895 1940 genere
922 1864 1282 1936 exstiterunt,
1313 1883 1432 1921 non
1459 1864 1600 1922 satis
1619 1864 1966 1939 Graecorum

282 1945 497 2021 gloriae
525 1944 957 2021 responderunt.
1044 1950 1097 2001 4.
1133 1944 1228 2001 An
1257 1963 1570 2017 censemuS,
1591 1946 1640 2002 si
1668 1944 1846 2003 Fabio
1867 1964 1968 2001 no·

282 2025 562 2082 bilissimo
604 2024 829 2082 homini
861 2025 1017 2081 laudi
1052 2024 1254 2081 datum
1295 2032 1446 2082 esset
1487 2025 1645 2102 quod
1684 2026 1963 2101 pingeret,

282 2124 401 2162 non
444 2105 661 2163 multos
704 2106 878 2163 etiam
928 2104 1085 2181 apud
1129 2123 1235 2161 nos
1279 2104 1508 2161 futuros
1547 2103 1868 2179 Polyclitos
1907 2110 1968 2161 et

182 2184 193 2189 ”
282 2184 615 2243 Parrhasios
655 2185 871 2243 fuisse?
953 2184 1162 2241 Honos
1203 2182 1306 2240 alit
1347 2190 1496 2240 artes
1538 2202 1850 2260 omnesque
1883 2184 1968 2239 in-

283 2266 606 2323 cenduntur
656 2266 730 2323 ad
780 2265 972 2323 studia
1018 2263 1204 2342 gloria
1249 2262 1552 2339 iacentque
1607 2281 1674 2319 ea
1723 2282 1962 2339 semper,

284 2365 427 2423 quae
462 2348 615 2424 apud
651 2365 909 2424 quosque
945 2343 1362 2421 improbantur.
1449 2342 1747 2399 Summam
1783 2342 1967 2399 erudi-

282 2427 501 2484 tionem
530 2426 733 2484 Graeci
768 2427 937 2482 sitam
972 2423 1281 2482 censebant
1313 2421 1376 2479 in
1403 2441 1710 2480 nervorum
1738 2441 1968 2479 vocum-

284 2526 394 2583 que
423 2505 718 2563 cantibus:
763 2506 943 2582 igitur
976 2511 1035 2562 et
1067 2501 1501 2581 Epaminondas
1533 2502 1802 2579 princeps
1834 2521 1966 2559 meo

282 2586 497 2643 iudicio
531 2584 802 2642 Graeciae
850 2583 1061 2641 fidibus
1108 2584 1394 2660 praeclare
1440 2582 1712 2640 cecinisse
1753 2582 1968 2639 dicitur

282 2664 813 2742 Themistoclesque
850 2664 1071 2741 aliquot
1108 2669 1242 2720 ante
1281 2677 1478 2734 annOS,
1514 2682 1646 2720 eum
1685 2662 1747 2719 in
1785 2662 1968 2739 epulis

284 2751 567 2803 recusaret
622 2745 822 2822 lyram,
870 2751 958 2802 est
1018 2742 1252 2801 habitus
1311 2743 1615 2801 indoctior.
1699 2742 1857 2819 Ergo
1907 2743 1969 2799 in

283 2824 523 2882 Graecia
548 2825 755 2882 musici
775 2824 1092 2882 floruerunt
1113 2823 1524 2903 discebantque
1553 2823 1615 2881 id
1644 2842 1844 2880 omnes
1864 2841 1969 2881 nec

286 2905 386 2981 qui
418 2905 708 2963 nesciebat
740 2904 877 2961 satis
912 2905 1172 2963 excultus
1205 2904 1470 2963 doctrina
1500 2903 1826 2981 putabatur.
1914 2909 1965 2959 5.

284 2983 354 3041 In
388 3005 616 3043 summo
650 2984 804 3062 apud
836 2984 968 3041 illos
1000 2984 1221 3043 honore
1252 2985 1572 3062 geometria
1611 2984 1746 3055 fuit,
1774 2984 1970 3060 itaque

284 3065 431 3122 nihil
452 3065 873 3124 mathematicis
893 3064 1186 3123 illustrius·
1263 3066 1347 3123 At
1367 3084 1476 3121 nos
1503 3064 1783 3122 metiendi
1804 3064 1972 3121 ratio-

286 3146 628 3225 cinandique
665 3145 915 3203 utilitate
959 3144 1134 3203 huius
1182 3146 1319 3203 artis
1371 3144 1808 3203 terminavimus
1853 3162 1972 3201 mo-

286 3225 441 3283 dum.
