2235 3581
303 184 367 229 36
526 181 1117 232 TUSCULANARUM
1162 183 1762 234 DISPUTATIONUM

302 282 526 354 habeat,
550 283 771 340 nullum
802 303 837 340 a
861 283 1098 341 fortuna
1123 283 1330 342 vulnus
1363 286 1676 362 acceperit:
1720 285 1994 345 Metellus

302 363 397 420 ille
438 362 733 420 honoratis
776 363 1049 441 qussttuor
1088 362 1236 435 filiis,
1267 371 1329 422 at
1371 365 1788 442 quinquaginta
1827 366 1994 424 Pria.-

300 462 446 513 111113,
484 462 514 499 e
548 443 756 520 quibus
798 443 1210 520 septemdecim
1251 444 1402 502 iusta
1441 463 1618 502 uxore
1659 446 1824 503 113113.
1913 446 1990 504 111

300 530 546 598 utroque
574 523 834 581 eamdem
864 523 1066 580 habuit
1092 523 1330 580 fortuna
1356 530 1720 600 potestatem,
1753 525 1854 582 sed
1883 546 1992 584 usa

300 602 361 659 in
396 601 572 659 altero
608 609 709 660 est.
796 603 1092 660 Metellum
1135 603 1290 660 enim
1331 603 1501 660 multi
1541 603 1646 661 filii
1687 604 1852 676 filiae,
1891 624 1991 663 ne-

299 687 466 758 potes
493 691 695 759 neptes
722 683 783 739 in
818 702 1023 760 rogum
1050 683 1466 758 imposuerunt,
1497 683 1794 741 Priamum
1821 691 1990 742 tanta

298 762 573 838 progenie
603 763 885 833 orbatum,
916 781 1044 818 cum
1077 763 1140 818 in
1166 781 1324 820 aram
1351 763 1724 840 confugisset,
1755 763 1988 822 hostilis

297 861 500 898 manus
527 843 834 900 interemit.
921 842 1037 898 Hic
1071 842 1121 899 si
1149 841 1292 900 vivis
1325 841 1458 900 filiis
1491 843 1768 900 incolumi
1801 862 1986 919 regno

298 921 616 992 occidisset,

754 1052 766 1063 .
810 1051 821 1063 .
863 1051 875 1063 .
916 1023 1111 1064 astante
1135 1031 1228 1078 ope
1249 1015 1508 1064 barbarica

754 1080 923 1129 Tectis
950 1081 1171 1142 caelatis,
1193 1081 1451 1145 laqueatis,

296 1222 487 1272 utrum
520 1214 753 1272 tandem
775 1234 809 1272 a
829 1215 996 1272 bonis
1024 1235 1097 1272 an
1127 1236 1161 1272 a
1187 1216 1352 1273 malis
1374 1215 1756 1274 discessisset?
1828 1215 1981 1274 Tum

295 1295 559 1371 profecto
596 1295 882 1352 videretur
909 1315 943 1351 a
971 1295 1153 1353 bonis,
1231 1295 1315 1353 At
1349 1304 1500 1353 certe
1535 1297 1588 1353 ei
1621 1296 1825 1354 melius
1859 1316 1984 1355 eve-

297 1375 473 1433 nisset
500 1394 604 1433 nec
632 1382 751 1433 tam
780 1375 1047 1433 flebiliter
1073 1376 1172 1434 1113
1199 1383 1561 1434 canerentur:

679 1527 820 1576 Haec
844 1526 1013 1576 omnia
1029 1501 1133 1574 ⁴vidi
1155 1526 1470 1588 inflammari,

679 1593 883 1642 Priamo
899 1593 947 1639 vi
966 1593 1122 1640 vitam
1145 1593 1335 1652 evitari,

678 1659 812 1706 Iovis
840 1673 980 1705 aram
1004 1658 1242 1719 sanguine
1265 1658 1469 1720 turpari.

295 1794 470 1864 Quasi
501 1814 633 1852 vero
660 1795 773 1851 ista
800 1795 857 1851 vi
890 1794 1208 1871 quidquam·
1239 1804 1366 1853 tum
1400 1796 1656 1872 potuerit
1687 1796 1742 1854 ei
1774 1796 1981 1856 melius

296 1874 564 1932 accidere.
643 1874 814 1942 Quod
864 1875 913 1931 si
960 1880 1093 1932 ante
1138 1875 1454 1946 occidisset,
1490 1876 1664 1933 talem
1706 1882 1978 1934 eventum

296 1955 535 2014 omnino
558 1954 855 2023 amisisset,
876 1954 986 2012 hoc
1015 1962 1206 2013 autem
1237 1962 1498 2031 tempore
1527 1975 1756 2013 sensum
1785 1957 1980 2014 amisit

294 2035 592 2091 malorum.
680 2039 771 2092 86.
816 2034 1119 2111 PompeiO,
1151 2041 1349 2093 nostro
1376 2035 1662 2106 familiari,
1695 2055 1826 2093 cum
1853 2056 1981 2112 gra-

294 2115 442 2172 viter
482 2120 803 2190 aegrotaret
844 2114 1105 2191 Neapoli,
1137 2114 1343 2173 melius
1376 2121 1463 2173 est
1495 2115 1732 2173 factum.
1801 2115 1980 2174 Coro-

294 2195 415 2252 nati
448 2194 817 2271 Neapolitani
848 2194 1101 2265 fuerunt,
1139 2195 1412 2251 nimirum
1447 2195 1621 2252 etiam
1650 2195 1974 2269 Puteolani,

294 2275 467 2351 vulgo
509 2294 578 2333 ex
620 2274 852 2351 oppidis
899 2274 1128 2351 publice
1169 2273 1616 2350 gratulabantur.
1702 2275 1977 2352 Ineptum

294 2374 429 2411 sane
456 2355 755 2431 negotium
784 2361 843 2412 et
863 2354 1223 2425 Graeculum,
1249 2354 1350 2413 sed
1378 2361 1572 2412 tamen
1592 2354 1971 2414 fortunatum.

293 2433 509 2492 Utrum
538 2435 731 2511 igitur,
762 2435 811 2491 si
844 2441 970 2491 tum
1004 2440 1154 2491 esset
1185 2434 1518 2505 exstinctuS,
1550 2454 1584 2492 a
1609 2434 1778 2492 bonis
1805 2436 1977 2493 rebus

292 2533 365 2570 an
387 2534 421 2570 a
440 2514 606 2571 malis
628 2514 1012 2571 discessisset?
1086 2512 1257 2571 Certe
1278 2533 1313 2570 a
1337 2514 1575 2571 miseris.
1662 2514 1796 2571 Non
1819 2516 1977 2573 enim

293 2612 424 2650 cum
467 2612 662 2650 socero
702 2592 918 2650 bellum
964 2592 1249 2668 gessisset,
1294 2611 1410 2650 non
1459 2594 1775 2671 imparatus
1817 2614 1978 2653 arma

292 2673 643 2749 sumpsisset,
688 2691 805 2729 non
854 2672 1093 2729 domum
1142 2672 1478 2749 reliquisset,
1521 2693 1640 2730 non
1689 2693 1759 2731 ex
1807 2674 1978 2733 Italia

291 2752 551 2829 fugisset,
595 2770 713 2809 non
764 2753 1016 2809 exercitu
1070 2752 1280 2809 amisso
1325 2752 1513 2810 nudus
1565 2754 1627 2809 in
1681 2772 1976 2812 servorum

290 2831 507 2888 ferrum
550 2837 609 2889 et
648 2850 853 2889 manus
895 2832 1205 2903 incidisset,
1243 2851 1360 2889 non
1401 2832 1565 2891 liberi
1606 2832 1817 2904 defleti,
1855 2853 1976 2891 non

290 2911 557 2969 fortunae
599 2930 799 2968 omnes
840 2931 875 2968 3
914 2912 1228 2969 victoribus
1261 2912 1702 2988 possiderentur.
1780 2912 1896 2982 Qui
1925 2914 1976 2971 si

290 2998 534 3048 mortem
592 2996 717 3048 tum
760 2990 989 3062 obisset,
1024 2991 1087 3048 in
1129 2992 1497 3067 amplissimis
1536 2993 1787 3050 fortunis
1828 2994 1977 3051 occi-

291 3071 484 3142 disset,
529 3071 578 3127 is
626 3074 1038 3147 propagatione
1092 3071 1244 3128 vitae
1295 3076 1451 3147 quot,
1497 3079 1752 3148 quantas,
1799 3091 1973 3150 quam

290 3151 651 3209 incredibiles
713 3150 903 3207 hausit
962 3149 1348 3208 calamitates!
1451 3150 1741 3209 XXXVI.
1809 3152 1974 3211 Haec

290 3238 475 3288 morte
518 3231 889 3307 effugiuntur,
925 3230 1099 3288 ctiam
1143 3230 1192 3287 si
1233 3249 1350 3286 non
1393 3238 1719 3301 evenerunt,
1756 3237 1970 3303 tamen,
