2235 3581
814 175 952 223 ΜΒ.
991 175 1088 236 11„
1123 175 1279 224 CAP.
1319 175 1555 224 1X.-X1.
1962 181 2026 226 61

535 273 620 324 Sic
644 273 776 322 hunc
799 273 1054 322 custodem
1080 275 1257 322 maesti
1280 274 1527 322 cruciatus
1550 275 1647 336 alc,

535 339 636 398 Qui
658 355 741 388 me
763 340 968 402 perenni
984 339 1149 387 vivum
1175 340 1343 388 foedat
1366 340 1583 388 miseria.

533 405 781 467 Namque,
805 412 861 452 ut
878 404 1072 465 videtiS,
1091 405 1267 453 vinclis
1290 406 1585 454 constrictus
1608 406 1761 468 IoviS,
1961 409 2025 456 20

533 472 723 518 Arcere
747 485 941 532 nequeo
965 469 1128 518 diram
1147 470 1397 519 volucrem
1422 487 1453 518 a
1476 480 1690 533 pectore.

408 539 486 584 25.
529 537 614 585 Sic
637 551 718 583 mc
741 536 845 598 ipse
863 536 1040 584 viduus
1064 545 1226 597 pestes
1250 537 1444 598 excipio
1466 537 1660 597 auxinS,

534 603 724 650 Amore
747 601 922 648 mortis
946 601 1215 649 terminum
1240 602 1506 664 anquireus
1528 603 1679 650 mali:

531 667 629 716 Sed
653 667 800 726 longe
822 682 854 714 a
876 666 976 714 leto
999 668 1205 714 numine
1228 666 1440 729 aspellor
1463 667 1615 716 Iovis.
1934 723 1941 728 ·

531 735 701 794 Atque
724 731 845 780 haec
871 741 1065 779 vetusta
1088 732 1262 780 saeclis
1286 732 1563 792 glomerata
1586 732 1799 782 horridis
1959 738 2022 784 25

530 797 778 845 Luctifica
800 797 966 845 clades
991 807 1161 845 nostro
1184 797 1345 845 infixa
1367 807 1442 846 est
1466 799 1675 860 corpori,

530 863 615 910 Ex
638 878 739 926 quo
761 863 982 925 liquatae
1003 863 1121 911 solis
1144 864 1323 912 ardore
1344 863 1585 912 excidunt

531 928 740 989 Guttae,
761 943 891 992 quae
913 945 1038 977 saxa
1060 929 1271 977 adsidue
1294 929 1536 977 instillant
1554 929 1779 979 Caucasi.

414 1078 520 1136 XI.
555 1079 672 1138 Vix
715 1078 895 1156 igitur
935 1099 1102 1156 posse
1141 1079 1404 1136 videmur
1445 1079 1528 1137 ita
1566 1080 1861 1138 adfectum
1903 1101 2019 1138 non

331 1160 609 1217 miserum
651 1160 841 1216 dicere
875 1166 950 1231 et,
982 1160 1029 1216 si
1063 1159 1218 1216 hunc
1256 1160 1547 1232 miserum,
1578 1166 1734 1218 certe
1764 1161 2021 1219 dolorem

331 1239 566 1296 malum.

414 1326 508 1377 26.
554 1319 627 1377 A.
659 1319 748 1378 Tu
773 1320 1006 1398 quidem
1030 1319 1219 1376 adhuc
1240 1339 1426 1377 meam
1452 1339 1680 1377 causam
1703 1321 1841 1396 agiS.
1907 1321 2021 1379 Sed

331 1400 443 1457 hoc
463 1420 602 1468 mox
618 1400 828 1458 videro,
888 1399 1116 1458 Interea
1137 1400 1289 1457 unde
1311 1401 1409 1456 isti
1427 1401 1654 1457 versus?
1709 1400 1765 1456 N
1769 1420 1845 1457 on
1867 1402 2021 1458 enim

331 1499 366 1538 a
408 1499 600 1538 nosce.

365 1499 490 1618 gM.
528 1559 736 1618 Dicam
760 1560 964 1618 hercle.
1027 1559 1262 1618 Etenim
1284 1567 1437 1617 recte
1454 1559 1711 1636 requiris,
1768 1559 2021 1618 Videsne

330 1640 620 1698 abundare
647 1661 742 1699 me
765 1642 921 1698 otio?

413 1720 486 1779 A.
524 1720 679 1789 Quid
706 1723 872 1779 tuma

412 1802 491 1860 M.
529 1802 714 1860 Fuisti
737 1821 921 1879 saepe,
947 1801 1136 1873 crede,
1162 1820 1294 1859 cum
1315 1800 1567 1859 Athenis
1588 1820 1753 1874 essee,
1779 1800 1841 1859 in
1862 1802 2024 1859 scho-

329 1882 402 1939 lis
428 1882 928 1960 philosophorum.

411 1964 484 2022 A.
523 1962 680 2025 Vero
708 1982 774 2020 ac
802 1962 1049 2020 libenter
1077 1961 1329 2039 quidem.

413 2042 490 2101 M.
530 2042 1269 2119 Animadvertebasigitur,
1294 2042 1402 2099 etsi
1432 2049 1557 2100 tum
1586 2062 1757 2100 nemo
1784 2049 1905 2100 erat
1927 2042 2023 2099 ad-

329 2124 568 2182 modum
604 2124 890 2201 copiosu8‚
921 2141 1119 2180 verum
1154 2129 1348 2179 tamen
1385 2142 1577 2180 versus
1610 2122 1682 2179 ab
1718 2123 1808 2180 his
1843 2122 2022 2179 admi-

331 2204 473 2261 sceri
501 2203 764 2261 orationi.

411 2284 484 2341 A.
521 2283 610 2340 Ac
638 2284 854 2341 multos
883 2283 1119 2361 quidem
1150 2302 1184 2339 a
1208 2281 1405 2357 Diony
1412 2282 1496 2339 sio
1527 2280 1740 2339 Stoice.

412 2363 489 2421 M.
527 2363 717 2421 Probe
740 2364 901 2421 dicis,
987 2362 1147 2420 Sed
1131 2382 1181 2419 is
1211 2362 1374 2439 quasi
1401 2362 1632 2433 dictata,
1657 2360 1816 2419 nullo
1841 2360 2023 2419 delec-

331 2451 412 2514 tu,
445 2443 601 2501 nulla
629 2444 928 2521 elegantia.
1013 2442 1186 2500 Philo
1216 2450 1275 2499 et
1303 2442 1600 2519 proprium
1630 2461 1929 2500 numerum
1963 2450 2021 2500 et

332 2524 478 2581 lecta
500 2531 774 2601 poemata
795 2532 853 2581 et
875 2524 1002 2581 loco
1025 2522 1393 2599 adiungebat.
1478 2522 1680 2599 Itaque
1709 2530 2018 2600 postquam

331 2604 592 2661 adamavi
620 2604 766 2661 hanc
791 2604 952 2681 quasi
983 2603 1219 2661 senilem
1243 2602 1735 2677 declamationem,
1762 2604 2019 2661 studiose

331 2684 600 2761 equidem
635 2691 768 2741 utor
807 2684 1020 2741 nostris
1061 2683 1272 2761 poetiS,
1304 2683 1420 2754 sed,
1454 2683 1637 2741 sicubi
1679 2684 1764 2741 illi
1798 2684 2021 2742 defece-

330 2770 482 2835 runt,
513 2764 658 2822 verti
693 2783 811 2821 non
845 2764 1004 2821 nulla
1037 2763 1109 2820 de
1138 2763 1386 2833 GraeciS‚
1420 2782 1491 2819 ne
1527 2783 1641 2840 quo
1677 2772 2017 2821 ornamento

331 2844 391 2899 in
411 2843 523 2901 hoc
618 2864 752 2902 nere
775 2844 1184 2921 disputationis
1206 2850 1419 2900 careret
1437 2842 1643 2901 Latina
1660 2845 1859 2902 oratio,
1921 2845 2014 2901 27.

332 2923 448 2981 Sed
476 2863 708 2981 vhffisne
735 2931 946 3002 poetae
976 2924 1116 3001 quid
1146 2923 1281 2980 mali
1310 2924 1606 2981 adferant?
1680 2924 2020 2981 Lamentan-

329 3012 420 3061 tes
451 3004 735 3061 inducunt
767 3004 1119 3061 fortissimos
1154 3004 1322 3074 virOS,
1353 3003 1625 3061 molliunt
1658 3004 1883 3061 animos
1918 3023 2019 3060 no—

330 3090 495 3155 stroe,
527 3084 610 3142 ita
637 3091 772 3142 sunt
800 3083 1011 3141 deinde
1039 3084 1251 3155 dulceri,
1285 3090 1349 3141 ut
1378 3102 1495 3140 non
1529 3082 1793 3159 legantur
1818 3083 2015 3155 modo,

331 3164 431 3221 sed
476 3164 650 3221 etiam
697 3164 1035 3221 ediscantur.
1122 3163 1217 3221 Sic
1266 3163 1340 3220 ad
1388 3164 1598 3220 malam
1640 3163 2016 3221 domesticam

331 3244 694 3320 disciplinam
725 3244 1016 3321 vitamque
1054 3243 1421 3301 umbratilem
1456 3251 1514 3300 et
1548 3243 1849 3300 delicatam
1885 3263 2015 3300 cum

1158 3330 1187 3373 6
2015 3335 2018 3338 .

2072 3456 2213 3527 A
