2235 3581
217 184 307 230 142
433 181 1023 232 TUSCULANARUM
1067 181 1668 233 DISPUTATIONUM

210 303 338 341 rum
388 290 592 341 natura
636 283 758 341 sine
807 283 1213 354 sollieitudine,
1258 284 1379 341 sine
1429 284 1730 356 desideri0‚
1774 286 1898 344 sine

209 383 360 435 cura,
393 365 514 422 sine
557 364 819 440 suspirie,
852 364 929 421 sit
970 382 1138 421 sane:
1181 372 1346 422 vacat
1388 365 1541 422 enim
1578 366 1739 422 omni
1772 365 1899 423 libi-

211 445 362 511 dine,
399 443 538 501 haec
569 452 757 501 autem
797 444 868 500 de
895 443 1137 501 libidine
1168 444 1352 501 oratio
1382 451 1483 502 est.
1570 443 1672 502 Sin
1702 454 1895 504 autem

211 531 298 582 est
326 525 532 602 aliquis
559 544 735 596 amor,
761 531 827 581 ut
856 530 944 581 est
975 532 1145 595 certe,
1172 525 1269 601 qui
1298 523 1444 580 nihil
1474 524 1624 582 absit
1652 532 1751 583 ant
1780 545 1894 583 non

211 605 558 662 multumab
587 605 823 676 insania,
852 604 1035 682 qualis
1062 605 1123 660 in
1154 604 1439 662 Leucadia
1468 613 1582 662 est:

865 717 918 766 Si
943 717 1146 779 quidem
1171 716 1237 765 sit
1260 718 1523 780 quisquam
1549 718 1687 778 deuS,

474 783 568 832 Cui
592 798 685 843 ego
709 783 802 831 sim
830 798 994 831 curae.

213 894 303 951 73.
343 894 426 950 At
454 894 516 951 id
544 903 664 950 erat
693 894 816 950 deis
839 892 1108 950 omnibus
1132 892 1464 963 curandum,
1490 912 1661 970 quem
1686 892 1760 950 ad
1781 911 1899 950 mo-

210 973 351 1030 dum
380 973 475 1031 hic
497 974 783 1032 frueretur
811 973 1106 1050 voluptate
1136 973 1445 1031 amatoria!

787 1097 902 1145 Heu
924 1111 1006 1145 me
1029 1096 1309 1145 infelicem!

211 1197 372 1255 Nihil
395 1199 596 1257 verius,
683 1198 873 1256 Probe
902 1206 960 1256 et
989 1198 1111 1256 ille:

569 1311 795 1360 Sanusne
819 1325 886 1370 eS,
908 1309 992 1372 qui
1017 1317 1204 1359 temere
1225 1310 1500 1358 lamentare
1514 1311 1539 1359 ἲ

210 1420 326 1557 Hffiio
360 1421 592 1478 insanus
621 1420 849 1478 videtur
882 1421 1055 1478 etiam
1091 1421 1227 1478 suiS.
1299 1420 1383 1478 At
1407 1440 1547 1497 quas
1574 1422 1900 1499 tragoedias

210 1521 240 1558 e
305 1501 416 1559 cit!

209 1614 300 1674 Te,
320 1613 503 1676 Apollo
526 1622 712 1675 sancte,
737 1613 812 1662 fer
836 1627 1000 1675 opem,
1024 1620 1191 1676 teque,
1212 1612 1526 1676 omnipotens
1549 1614 1799 1676 Neptune,
1824 1613 1900 1662 in-

213 1696 424 1809 Vosquex
437 1695 582 1807 32:123,
603 1744 760 1795 venti!

211 1859 491 1916 Mundum
527 1865 719 1917 totum
763 1878 822 1916 se
865 1858 939 1915 ad
971 1877 1226 1916 amorem
1270 1877 1437 1915 suum
1482 1858 1895 1916 sublevandum

209 1958 612 1997 conversurum
647 1946 830 2016 putat,
857 1939 1145 1997 Venerem
1188 1958 1363 1996 unam
1407 1938 1660 1997 excludit
1693 1947 1760 1998 ut
1793 1940 1897 1997 ini-

211 2039 381 2097 quam
404 2063 417 2077 ⁸
567 2112 683 2145 nam
709 2096 828 2160 quid
852 2112 944 2157 ego
968 2105 1018 2146 te
1041 2096 1301 2160 appellem,
1322 2098 1534 2147 Venus?

207 2212 349 2268 Eam
393 2228 530 2287 prae
572 2208 812 2266 libidine
853 2215 1028 2285 negat
1076 2227 1272 2265 curare
1316 2208 1647 2285 quidquam.
1719 2208 1891 2278 Quasi

209 2311 341 2349 vero
371 2292 494 2369 ipse
527 2310 645 2347 non
679 2295 918 2367 propter
950 2288 1251 2346 libidinem
1284 2295 1449 2346 tanta
1480 2288 1698 2366 flagitia
1726 2296 1785 2347 et
1811 2289 1895 2346 fa-

208 2372 322 2429 ciat
350 2378 409 2429 et
437 2371 606 2428 dieat.

288 2451 545 2509 XXXV.
635 2450 726 2508 74.
774 2448 869 2508 Sic
902 2449 1082 2527 igitur
1114 2448 1346 2507 adfecto
1384 2448 1525 2506 haec
1568 2448 1896 2506 adhibenda

207 2533 427 2589 curatio
463 2537 565 2602 est,
590 2537 656 2588 ut
697 2538 755 2589 et
789 2530 948 2601 illud,
976 2530 1132 2607 quod
1175 2530 1385 2606 cupiat,
1420 2528 1685 2586 ostendat
1720 2548 1891 2605 quam

210 2612 347 2683 leve,
373 2630 542 2689 quam
580 2610 1085 2681 contemnendum,
1113 2629 1284 2687 quam
1319 2608 1487 2669 nihili
1521 2609 1596 2665 sit
1634 2609 1889 2679 omnin0,

210 2712 379 2769 quam
420 2691 590 2749 facile
634 2691 719 2748 vel
770 2691 999 2749 aliunde
1041 2689 1131 2748 vel
1180 2690 1293 2747 alio
1338 2689 1515 2746 modo
1563 2688 1758 2766 perfici
1802 2689 1890 2745 vel

209 2772 445 2830 omnino
479 2771 707 2848 neglegi
741 2771 940 2848 possit.
1014 2770 1411 2828 Abducendus
1444 2769 1618 2827 etiam
1653 2775 1741 2825 est
1772 2788 1890 2851 non

207 2871 520 2929 numquam
558 2852 632 2908 ad
665 2851 776 2908 alia
807 2851 1015 2921 studia,
1048 2851 1478 2921 sollieitudineS,
1511 2868 1689 2920 curaS,
1720 2868 1894 2925 nego-

207 2933 306 3004 tia,
343 2932 455 2989 loci
500 2931 746 3009 denique
794 2932 1115 2989 mutatione
1165 2937 1462 3008 tamquam
1511 2930 1731 3021 aegroti
1772 2948 1892 2985 non

209 3011 664 3069 convalescentes
706 3030 872 3088 saepe
915 3010 1199 3068 curandus
1241 3019 1360 3068 est:
1408 3010 1439 3067 7
1448 3017 1499 3068 5
1532 3010 1705 3068 etiam
1740 3027 1893 3065 novo

211 3092 444 3167 quidam
474 3110 666 3149 amore
694 3097 944 3148 veterem
979 3110 1235 3148 amorem
1268 3097 1566 3167 tamquam
1597 3090 1757 3147 clavo
1787 3089 1895 3147 cla-

209 3190 346 3227 vum
388 3170 732 3228 eiiciendum
774 3177 997 3247 putant.
1085 3170 1335 3228 Maxime
1380 3165 1511 3248 [est]
1557 3177 1749 3228 autem
1799 3169 1893 3227 ad-

209 3250 548 3321 monenduS,
572 3258 820 3326 quantus
849 3252 923 3306 sit
945 3251 1108 3307 furor
1136 3252 1361 3307 amoris.
1428 3251 1715 3309 Omnibus
1738 3252 1893 3308 enim
