2235 3581
699 161 839 210 LIB..
875 161 975 223 V.‚.
993 161 1153 210 CAP.
1194 161 1635 212 XX1v.-XXV1.
1914 165 2009 212 173

321 273 380 321 et
419 263 566 320 falsa
605 261 900 334 diiudicat,
937 262 1254 321 disserendi
1294 263 1441 320 ratio
1485 271 1543 321 et
1585 263 1836 322 scientia.
1920 263 2009 322 Ex

322 364 436 422 qua
462 362 595 401 cum
625 362 850 400 summa
875 342 1096 400 utilitas
1128 343 1352 401 exsistit
1385 344 1459 401 ad
1488 363 1576 401 res
1609 344 2009 421 ponderandas

319 433 445 482 tum
487 423 740 480 maxime
771 424 1022 500 ingenua
1053 423 1358 481 delectatio
1401 431 1460 481 et
1494 424 1669 501 digna
1710 425 2005 501 sapientia.

321 505 436 562 Sed
467 505 608 562 haec
651 504 772 561 otii.
859 503 1135 561 Transeat
1169 503 1325 561 idem
1363 505 1471 561 iste
1514 505 1739 581 sapiens
1780 505 1855 562 ad
1888 525 2007 562 rem

319 583 608 662 publicam
636 584 929 641 tuendam.
1015 583 1173 652 Quid
1206 604 1275 642 eo
1308 585 1492 660 possit
1525 604 1645 642 esse
1674 585 2008 661 praestanti-

319 685 404 736 uS,
423 684 555 722 cum
585 665 864 722 contineri
884 664 1192 740 prudentia
1212 664 1523 722 utilitatem
1550 665 1763 721 civium
1793 673 2004 736 cernat,

318 745 539 802 iustitia
579 745 724 801 nihil
759 745 817 802 in
861 763 1024 801 suam
1058 743 1299 802 domum
1338 744 1473 801 inde
1508 745 1743 815 derivet,
1774 745 2006 822 reliquis

319 833 512 882 utatur
543 832 636 882 tot
663 833 782 882 tam
813 825 1096 902 variisque
1131 823 1474 882 virtutibus?
1554 825 1828 902 Adiunge
1856 827 2006 882 fruc-

319 913 449 962 tum
489 905 905 963 amicitiarum:
952 905 1014 962 in
1058 924 1173 982 quo
1218 905 1404 962 doctis
1445 905 1698 982 positum
1745 912 1831 962 est
1871 925 1999 962 cum

318 985 621 1043 consilium
665 986 853 1043 omnis
887 986 1037 1044 vitae
1071 986 1437 1044 consentiens
1478 992 1537 1042 et
1570 1004 1749 1062 paene
1783 986 2006 1062 conspi-

317 1085 448 1123 rans
477 1074 603 1124 tum
640 1085 864 1123 summa
892 1065 1219 1124 iucunditas
1254 1085 1285 1122 e
1315 1065 1607 1123 cotidiano
1642 1065 1799 1122 cultu
1832 1072 2005 1142 atque

317 1146 488 1204 victu.
575 1145 729 1214 Quid
756 1145 896 1204 haec
925 1146 1161 1204 tandem
1190 1146 1311 1204 vita
1344 1145 1630 1204 desiderat
1660 1164 1773 1222 quo
1809 1146 1885 1202 sit
1911 1145 2006 1202 be-

315 1226 500 1284 atior?
581 1225 691 1283 Cui
727 1220 858 1303 [rei]
891 1227 1134 1283 refertae
1167 1233 1257 1284 tot
1290 1226 1579 1302 tantisque
1612 1225 1839 1301 gaudiis
1872 1225 1919 1282 F
1921 1245 2006 1282 01·-

316 1314 458 1364 tuna
498 1307 624 1384 ipsa
655 1307 821 1364 cedat
853 1325 1080 1364 necesse
1124 1314 1225 1364 est.
1311 1306 1483 1375 Quod
1518 1306 1564 1362 si
1598 1305 1847 1382 gaudere
1881 1305 2005 1362 tali-

315 1387 424 1444 bus
456 1386 624 1444 bonis
667 1387 860 1458 animi,
894 1387 955 1443 id
989 1393 1091 1457 est,
1124 1385 1447 1455 virtutibuS,
1485 1386 1717 1443 beatum
1760 1391 1846 1442 est
1884 1404 2004 1442 om-

315 1487 530 1544 nesque
572 1467 856 1549 sapientes
889 1467 960 1522 iis
993 1467 1221 1543 gaudiis
1255 1467 1641 1543 perfruuntur,
1674 1484 1873 1523 omnes
1905 1476 2003 1522 eos

316 1547 514 1604 beatos
543 1567 664 1604 esse
693 1545 951 1605 confiteri
981 1565 1209 1604 necesse
1242 1554 1345 1604 est.

395 1627 624 1685 XXVI.
712 1627 743 1684 '7
754 1633 804 1684 3.
841 1628 914 1684 A.
952 1626 1221 1684 Etiamne
1266 1627 1325 1683 in
1372 1626 1625 1684 cruciatu
1674 1633 1846 1702 atque
1890 1632 2004 1684 tor-

314 1709 564 1765 mentis?

396 1788 473 1846 M.
511 1787 605 1845 An
636 1796 702 1845 tu
731 1806 824 1845 me
857 1787 918 1845 in
947 1787 1100 1845 viola
1128 1786 1373 1865 putabas
1406 1794 1506 1844 aut
1531 1787 1589 1844 in
1622 1806 1751 1844 rosa
1778 1786 2002 1845 dicere?

315 1868 412 1925 An
461 1868 728 1945 EpicurO,
776 1869 909 1945 quia
954 1874 1183 1925 tantum
1222 1866 1410 1924 ’modo
1458 1867 1649 1925 induit
1697 1886 2001 1944 personam

315 1948 646 2026 philosophi
681 1956 740 2006 et
773 1948 883 2005 sibi
921 1948 1042 2025 ipse
1076 1946 1189 2005 hoc
1231 1966 1441 2004 nomen
1476 1948 1781 2024 inscripsit,
1815 1947 2001 2004 dicere

313 2028 525 2099 licebit,
547 2028 704 2105 quod
733 2028 991 2105 quidem,
1005 2035 1070 2085 ut
1092 2028 1267 2086 habet
1296 2046 1355 2084 se
1384 2046 1487 2097 reS‚
1508 2047 1601 2084 me
1622 2034 1817 2085 tamen
1845 2027 2002 2104 plau-

314 2108 490 2165 dente
539 2109 713 2166 dicit:
760 2108 1050 2166 “Nullum
1093 2108 1338 2184 sapienti
1382 2126 1501 2165 esse
1543 2113 1789 2184 tempUS,
1828 2108 2001 2165 etiam

315 2190 363 2245 si
393 2195 604 2259 uratur,
629 2195 980 2265 torqueatur,
1007 2195 1242 2258 secetur,
1270 2187 1409 2264 quin
1436 2186 1624 2263 possit
1652 2187 1998 2251 exclamare:

323 2268 518 2340 Quam
542 2288 654 2341 pro
687 2269 872 2325 nihilo
897 2267 1124 2342 puto!’'
1148 2286 1281 2325 cum
1312 2267 1645 2344 praesertim
1681 2287 1853 2325 omne
1885 2288 2002 2324 ma·

313 2349 431 2405 lum
479 2348 676 2405 dolore
721 2348 973 2419 definiat,
1009 2348 1228 2405 bonum
1271 2348 1583 2424 voluptate,
1619 2347 1757 2405 haec
1807 2355 2002 2405 nostra

313 2429 556 2487 honesta
583 2428 774 2505 turpia
801 2428 1034 2487 irrideat
1061 2428 1330 2506 dicatque
1358 2448 1465 2485 nos
1491 2427 1553 2484 in
1574 2428 1811 2485 vocibus
1840 2448 2002 2486 occu-

313 2516 480 2585 patos
509 2509 706 2566 inanes
739 2528 912 2566 sonos
939 2509 1184 2566 fundere
1218 2528 1403 2585 neque
1440 2507 1750 2586 quidquam
1788 2509 1863 2566 ad
1895 2528 2001 2567 nos

313 2590 596 2665 pertinere
625 2590 736 2646 nisi
765 2589 921 2666 quod
949 2596 1048 2646 aut
1070 2589 1225 2647 laeve
1254 2596 1354 2646 aut
1382 2607 1645 2665 asperum
1675 2589 1734 2645 in
1763 2609 2001 2666 corpore

313 2670 621 2727 sentiatur:
665 2669 800 2726 huic
835 2688 988 2746 ergO,
1013 2676 1080 2726 ut
1113 2668 1251 2739 dixi,
1276 2688 1393 2725 non
1427 2668 1675 2725 multum
1711 2669 2001 2728 differenti

312 2768 348 2805 a
379 2748 594 2807 iudicio
629 2750 878 2806 ferarum
921 2748 1185 2806 oblivisci
1208 2748 1413 2806 licebit
1446 2749 1535 2805 sui
1569 2757 1627 2807 et
1659 2757 1787 2807 tum
1820 2750 2003 2808 fortu-

312 2848 447 2886 nam
490 2836 870 2899 contemnere,
907 2848 1038 2886 cum
1081 2828 1158 2885 sit
1200 2848 1371 2886 omne
1416 2836 1475 2887 et
1516 2827 1735 2887 bonum
1776 2831 1899 2887 eius
1944 2838 2002 2888 et

311 2909 528 2966 malum
567 2910 626 2966 in
661 2916 950 2986 potestate
969 2910 1267 2980 fortunae,
1291 2916 1417 2967 tum
1452 2909 1639 2967 dicere
1672 2929 1732 2967 se
1766 2910 1998 2968 beatum

311 2989 372 3045 in
403 3009 630 3047 summo
659 2990 912 3047 cruciatu
941 2996 1112 3066 atque
1136 2990 1455 3059 torinentiS‚
1476 3009 1608 3047 cum
1638 2992 2023 3049 constituerit.

311 3088 428 3126 non
463 3070 640 3127 modo
671 3089 960 3127 summum
993 3070 1211 3127 malum
1244 3090 1367 3127 esse
1396 3069 1670 3141 dolorem,
1696 3071 1796 3128 sed
1826 3072 1999 3128 etiam

311 3149 536 3207 solum?
621 3150 713 3207 74.
759 3150 816 3207 N
818 3170 881 3207 ec
915 3169 1049 3207 vero
1083 3150 1183 3207 illa
1214 3150 1325 3207 sibi
1358 3150 1611 3209 remedia
1648 3151 2001 3227 comparavit

311 3229 387 3285 ad
414 3229 774 3287 tolerandum
806 3230 1081 3301 dolorem,
1106 3230 1437 3289 firmitatem
1473 3230 1667 3302 animi,
1693 3230 2001 3307 turpitudi-
