2235 3581
1894 13 2219 30 -—-·-—l

699 163 840 212 LIB.
875 163 1001 223 '1V.‚
1035 163 1191 212 CAP.
1226 163 1597 212 RDL-XXII.
1902 167 1994 213 131

306 263 644 336 nominiam,
668 264 767 341 qui
794 270 1059 334 mortem,
1082 265 1183 341 qui
1204 264 1461 322 dolorem
1484 265 1771 322 timerent.
1836 265 1997 322 Haec

305 350 504 401 tamen
553 346 636 401 ita
689 344 1004 420 disputant,
1042 352 1107 401 ut
1154 345 1459 402 resecanda
1513 365 1635 402 esse
1688 345 1995 416 fateantur,

307 424 471 481 evelli
507 425 738 501 penitus
771 425 968 482 dicant
1000 444 1105 481 nec
1144 444 1313 500 posse
1346 445 1451 482 nec
1494 445 1641 502 opus
1684 445 1804 482 esse
1846 433 1903 482 et
1937 426 1998 481 in

307 504 580 561 omnibus
606 505 728 561 fere
756 504 926 562 rebus
953 504 1414 562 mediocritatem
1443 525 1565 563 esse
1596 506 1878 583 optimam
1909 525 1997 562 ex-

307 584 582 642 istiment.
662 583 822 652 Quae
849 604 980 642 cum
1005 594 1321 662 exponunt,
1345 585 1564 644 nihilne
1593 587 1701 644 tibi
1731 586 1998 689 videntur

307 683 380 720 an
415 664 636 741 aliquid
671 664 897 721 dicere?

389 745 461 801 A.
499 744 646 800 Mihi
679 763 814 802 vero
848 745 1036 802 dicere
1069 745 1303 822 aliquid,
1329 746 1524 823 itaque
1558 753 1827 823 exspecto
1858 745 1997 824 quid

307 823 380 880 ad
410 824 534 882 ista.

388 903 557 961 XXI.
644 904 737 961 47.
785 903 864 962 Μ.
899 903 1205 982 Reperiam
1241 905 1501 974 fortasse,
1534 905 1636 963 sed
1667 905 1812 963 illud
1846 913 1994 963 ante.

308 978 566 1041 Videsne
589 991 803 1060 quanta
822 985 1001 1041 fuerit
1034 985 1193 1060 apud
1212 985 1593 1043 Academicos
1621 986 1997 1043 verecundia²

309 1063 488 1121 Plane
517 1064 672 1120 enim
701 1064 902 1121 dicunt
925 1065 1082 1141 quod
1110 1064 1186 1121 ad
1215 1085 1331 1122 rem
1362 1065 1660 1142 pertineat.
1707 1065 1998 1144 Peripate-

307 1144 440 1202 ticis
468 1144 846 1221 respondetur
873 1165 908 1201 a
935 1145 1162 1203 Stoicis„
1234 1145 1643 1222 Digladientur
1670 1146 1752 1202 illi
1774 1166 1878 1222 per
1904 1165 1998 1203 me

307 1223 460 1294 licet,
481 1225 573 1282 cui
603 1224 748 1282 nihil
771 1231 857 1281 est·
885 1244 1113 1282 necesse
1142 1225 1252 1282 nisi
1282 1226 1381 1282 ubi
1410 1226 1486 1282 sit
1514 1225 1673 1296 illud,
1700 1227 1857 1304 quod
1879 1227 1998 1284 veri

310 1305 665 1361 simillimum
687 1305 967 1375 videatur,
987 1306 1301 1382 anquirere.
1361 1304 1515 1373 Quid
1537 1313 1623 1362 est
1645 1307 1825 1383 igitur
1841 1307 1997 1382 quod

311 1391 569 1442 occurrat
596 1385 656 1440 in
685 1383 791 1442 hac
823 1385 1156 1462 quaestione
1186 1405 1301 1462 quo
1329 1386 1514 1462 possit
1541 1386 1752 1462 attingi
1780 1386 1999 1464 aliquid

309 1465 430 1522 veri
458 1465 680 1522 simile?
723 1485 839 1542 quo
868 1464 1098 1542 longius
1126 1483 1289 1522 mens
1310 1466 1561 1523 humana
1587 1466 1859 1542 progredi
1880 1486 1998 1523 non

309 1551 520 1622 potest.
592 1544 872 1602 Definitio
894 1545 1361 1622 perturbat-ionia„
1387 1565 1499 1623 qua
1526 1553 1678 1603 rect-e
1707 1546 1995 1603 Zenonem

309 1645 478 1682 usum
501 1632 661 1704 puto,
723 1625 812 1682 Ita
834 1627 988 1682 enim
1007 1625 1225 1695 definit,
1247 1626 1323 1682 ut'
1325 1626 1685 1699 perturbatio
1706 1627 1783 1682 sit
1802 1645 1998 1682 aversa

309 1726 347 1761 a
381 1706 602 1762 ratione
644 1713 839 1762 contra
880 1713 1155 1762 naturam
1190 1707 1374 1762 animi
1417 1707 1727 1776 commotiO,
1754 1706 1842 1764 vel
1876 1706 2000 1764 bre-

310 1786 454 1857 viuS‚
491 1794 558 1843 ut
588 1787 951 1861 perturbatio
985 1787 1062 1843 sit
1093 1789 1383 1860 appetitus
1418 1787 1803 1859 vehementior,
1835 1787 1999 1845 vehe—

307 1866 561 1925 mentior
589 1874 780 1924 autem
809 1867 1177 1943 intellegatur
1204 1868 1269 1937 is,
1296 1868 1397 1944 qui
1430 1868 1628 1944 procul
1663 1868 1813 1925 absit
1842 1889 1877 1925 a
1904 1888 1999 1925 na-

309 1955 470 2004 turae
494 1948 844 2005 constantia:
891 1952 984 2004 48.
1011 1948 1151 2024 quid
1173 1948 1245 2004 ad
1268 1948 1371 2004 has
1392 1947 1757 2006 definitiones
1774 1948 1999 2025 possint

309 2027 536 2085 dicere?
599 2027 797 2104 Atque
830 2026 970 2084 haec
1003 2028 1273 2105 pleraque
1308 2035 1442 2085 sunt
1475 2028 1787 2105 prudenter
1813 2036 2218 2095 acute-1

311 2128 424 2185 que
458 2107 894 2165 disserentium:
938 2107 1035 2164 illa
1063 2109 1296 2185 quidem
1332 2129 1400 2165 ex
1434 2108 1730 2166 rhetorum
1765 2128 1996 2185 pompa,

309 2188 542 2244 ardores
582 2188 911 2244 animorum
953 2195 1201 2261 cotesque
1243 2188 1543 2245 virtutum.
1612 2188 1710 2244 An
1744 2208 1879 2245 vero
1914 2189 2000 2245 vir
2216 2250 2218 2265 Ι

309 2268 482 2325 fortis
515 2268 627 2325 nisi
661 2267 1005 2325 stomachari
1039 2268 1229 2344 coepit
1263 2287 1381 2324 non
1415 2274 1610 2343 potest
1637 2268 1807 2325 fortis
1840 2270 1999 2325 esse²
2209 2294 2219 2329 4

310 2347 734 2405 Gladiatorium
763 2348 825 2404 id
855 2348 1122 2424 quidem:
1168 2367 1515 2425 quamquam
1551 2348 1611 2404 in
1642 2347 1723 2405 eis
1751 2348 1892 2424 ipsis
1921 2348 2000 2405 vi-

310 2428 516 2485 demus
565 2448 732 2505 saepe
770 2428 1188 2485 constantiam.
1246 2428 1667 2505 colloquuntur,
1705 2428 2001 2503 congredi-

309 2514 503 2579 untur,
530 2515 861 2585 queruntur,
886 2508 1104 2584 aliquid
1137 2508 1447 2585 postulant,
1473 2514 1539 2565 ut
1571 2508 1757 2585 magis
1790 2509 2001 2601 placati

311 2608 486 2666 quam
509 2588 639 2646 irati
661 2608 782 2646 esse
804 2588 1121 2645 videantur.
1188 2588 1345 2645 Sed
1331 2609 1391 2645 m
1414 2589 1513 2646 illo
1534 2609 1743 2667 genere
1772 2591 1847 2648 sit
1865 2610 1999 2647 sane

309 2668 690 2725 Pacideianus
719 2668 927 2745 aliquis
955 2668 1066 2726 hoc
1096 2668 1309 2740 anim0‚
1333 2676 1400 2727 ut
1426 2678 1619 2728 narrat
1647 2670 1932 2728 Lucilius:

377 2780 617 2829 Occidam
641 2780 783 2828 illum
807 2780 1038 2843 equidem
1060 2789 1110 2828 et
1134 2780 1345 2841 vincam,
1370 2781 1411 2828 si
1434 2782 1487 2829 id
1510 2784 1760 2845 quaeritis,
1784 2783 1963 2846 inquit.

309 2880 314 2885 -
377 2846 570 2894 Verum
595 2846 714 2893 illud
739 2847 888 2894 credo
912 2847 1047 2894 fore:
1086 2847 1139 2893 in
1168 2861 1224 2893 os
1246 2847 1381 2909 prius
1408 2848 1650 2909 accipiam
1674 2849 1795 2909 ipse,

377 2911 544 2971 Quam
565 2912 786 2973 gladium
811 2912 862 2958 in
889 2912 1165 2971 Stomacho,
1190 2910 1216 2964 †
1240 2913 1373 2960 suria
1401 2928 1459 2960 ac
1482 2913 1798 2975 pulmonibus
1821 2914 1957 2961 sisto.

375 2977 476 3025 Odi
501 2976 766 3032 homiuem,
792 2978 949 3024 iratus
973 2992 1156 3039 pugno,
1180 2992 1272 3025 nec
1294 2978 1491 3037 lougius
1516 2979 1784 3042 quidquam

375 3042 537 3091 Nobis
560 3058 708 3105 quam
732 3042 942 3090 dextrae
967 3042 1189 3103 gladium
1213 3044 1332 3090 dum
1356 3044 1701 3091 accommodet
1723 3042 1875 3091 alter:

307 3105 313 3111 ’
377 3108 551 3172 Usque
573 3108 698 3157 adeo
723 3108 888 3155 studio
911 3117 1060 3171 atque
1084 3108 1201 3156 odio
1223 3108 1356 3156 illius
1380 3109 1571 3157 ecferor
1594 3110 1683 3156 ira.

306 3198 350 3272 -Δ
393 3224 593 3282 XXII.
681 3231 774 3281 49.
813 3224 897 3283 At
927 3224 1048 3281 sinc
1081 3224 1187 3281 hac
1222 3223 1563 3299 gladiatoria
1596 3222 1887 3279 iracundia
1922 3224 1999 3281 vi-
