2235 3581
257 157 352 204 122
511 153 1103 233 TUSCULANARUM
1148 153 1749 205 msru'rA'rmnuM
1784 117 1789 124 ⁴

255 257 566 334 scriptione
594 257 850 328 rationiS,
871 263 937 314 ut
959 256 1117 313 nullo
1147 256 1323 314 modo
1353 257 1739 333 appetitiones
1760 257 1941 316 animi

253 357 358 394 nec
388 337 507 414 regi
537 356 643 394 nec
671 337 952 393 contineri
977 345 1204 413 queant.
1271 335 1453 404 Quem
1479 336 1554 393 ad
1576 336 1812 394 modum
1837 338 1941 414 igi-

253 425 348 473 tur
381 416 762 493 temperantia
805 416 966 473 sedat
1007 417 1393 493 appetitiones
1436 423 1495 474 et
1536 415 1710 473 efficit
1742 424 1809 473 ut
1842 437 1940 475 eae

253 504 438 553 rectae
467 497 678 552 rationi
706 503 943 572 pareant
971 503 1381 572 conservatque
1410 496 1769 554 considerata
1795 497 1940 554 iudi-

253 577 341 633 cia
385 576 611 647 mentiS,
643 577 722 633 sic
769 576 901 633 huic
947 576 1183 632 inimica
1222 576 1667 652 intemperantia
1708 596 1939 634 omnem

252 656 430 712 animi
465 662 678 713 statum
709 655 1045 727 inflammat,
1067 655 1389 727 conturbat,
1414 656 1633 727 incitat,
1659 656 1851 733 itaque
1880 663 1940 714 et

253 737 640 813 aegritudines
669 741 727 792 et
755 742 943 793 metus
973 743 1030 794 et
1051 735 1302 812 reliquae
1330 735 1791 812 perturbationes
1820 755 1940 794 om-

252 837 353 873 nes
380 816 700 893 gignuntur
728 836 796 873 ex
826 836 906 873 ea.

335 897 407 954 X.
488 903 580 953 23.
619 895 804 964 Quem
835 897 908 953 ad
937 897 1176 954 modum
1207 916 1339 953 cum
1374 897 1607 974 sanguis
1635 903 1939 974 corruptus

252 983 339 1034 cst
373 983 472 1033 aut
505 977 720 1053 pituita
752 976 1037 1034 redundat
1069 984 1170 1033 aut
1202 975 1351 1048 bilis,
1382 977 1442 1032 in
1478 996 1715 1053 corpore
1749 978 1938 1035 morbi

252 1057 785 1134 aegrotationesque
814 1063 1141 1127 nascuntur,
1164 1057 1243 1114 sic
1266 1076 1565 1134 pravarum
1596 1056 1937 1134 opinionum

252 1135 615 1193 conturbatio
646 1144 704 1193 et
733 1137 982 1213 ipsarum
1013 1137 1166 1194 inter
1199 1156 1258 1193 se
1286 1137 1666 1214 repugnantia
1694 1137 1937 1196 sanitate

253 1215 460 1293 spoliat
489 1217 747 1273 animum
778 1216 1106 1294 morbisque
1130 1215 1443 1294 perturbat.
1529 1216 1618 1273 Ex
1644 1217 1939 1294 perturba·

251 1296 507 1353 tionibus
556 1303 748 1354 autem
803 1297 1056 1373 primum
1111 1296 1302 1354 morbi
1357 1295 1753 1367 conficiuntur,
1791 1317 1937 1374 quae

250 1383 458 1433 vocant
486 1377 568 1433 illi
595 1379 896 1452 νοσήματα,
916 1396 1110 1454 eaque,
1134 1396 1278 1454 quae
1308 1383 1442 1434 sunt
1463 1377 1546 1434 eis
1566 1376 1784 1434 morbis
1805 1397 1938 1434 con-

250 1457 436 1528 traria,
477 1476 620 1534 quae
665 1457 878 1514 habent
919 1457 993 1514 ad
1041 1477 1132 1514 res
1174 1464 1357 1515 certas
1399 1457 1667 1514 vitiosam
1710 1457 1937 1514 offensi—

251 1556 420 1594 onem
478 1546 650 1615 atque
705 1538 1024 1608 fastidium,
1063 1538 1272 1595 deinde
1314 1537 1750 1615 aegrotationeS,
1790 1557 1935 1615 quae

249 1617 607 1694 appellantur
639 1638 674 1676 a
715 1617 924 1677 Stoicis
965 1620 1386 1695 ἀρρωστήματα,
1417 1617 1620 1694 hisque
1660 1618 1800 1675 item
1838 1637 1937 1696 op-

247 1698 469 1774 positae
514 1700 829 1756 contrariae
875 1698 1239 1756 offensiones,
1325 1699 1458 1756 Hoc
1512 1698 1639 1756 loco
1688 1697 1934 1756 nimium

249 1798 454 1855 operae
499 1780 856 1837 consumitur
898 1800 933 1837 a
977 1779 1205 1852 Stoicis,
1236 1779 1483 1837 maxime
1523 1799 1557 1836 a
1585 1778 1932 1856 Chrysipp0,

248 1858 387 1915 dum
417 1858 634 1916 morbis
662 1879 967 1936 corporum
999 1868 1363 1938 comparatur
1390 1859 1725 1917 morborum
1754 1860 1936 1917 animi

248 1939 582 1997 similitudo,
654 1940 782 2009 Qua
823 1941 1080 1999 oratione
1119 1941 1519 2018 praetermissa
1558 1940 1798 1997 minime
1840 1959 1937 1997 ne-

246 2020 488 2076 cessaria
520 2039 601 2091 ea,
635 2040 778 2097 quae
819 2040 939 2077 rem
975 2022 1293 2093 continent,
1324 2027 1749 2097 pertractemus,
1837 2026 1931 2078 24.

248 2098 622 2176 Intellegatur
644 2101 822 2177 igitur
842 2101 1334 2177 perturbationem
1356 2100 1703 2159 iactantibus
1732 2120 1790 2157 se
1814 2102 1936 2178 opi-

246 2179 517 2236 nionibus
552 2180 945 2238 inconstanter
987 2188 1045 2237 et
1078 2180 1309 2238 turbide
1342 2181 1402 2237 in
1437 2187 1604 2238 motu
1638 2200 1757 2239 esse
1792 2201 1936 2238 sem-

245 2279 350 2337 per
369 2254 411 2318 ε’
444 2279 575 2317 cum
631 2268 824 2317 autem
885 2260 979 2317 hic
1033 2262 1227 2317 fervor
1275 2261 1699 2338 concitatioque
1753 2261 1933 2318 animi

246 2341 649 2397 inveteraverit
682 2348 740 2397 et
767 2347 1062 2417 tamquam
1099 2341 1159 2397 in
1191 2341 1351 2399 venis
1382 2340 1762 2419 medullisque
1790 2342 1936 2398 inse-

247 2420 412 2491 derit,
439 2428 565 2478 tum
601 2420 824 2478 exsistit
859 2428 917 2477 et
949 2421 1186 2479 morbus
1220 2427 1278 2478 et
1312 2422 1631 2497 aegrotatio
1664 2428 1722 2478 et
1756 2422 1937 2478 offen·

247 2501 438 2557 siones
473 2520 586 2570 eae,
615 2520 760 2578 quae
795 2507 930 2558 sunt
964 2500 1046 2557 eis
1078 2500 1297 2557 morbis
1330 2501 1933 2578 aegrotationibusque

246 2580 576 2637 contrariae.
1696 2594 1715 2601 “

326 2658 434 2717 ΧΙ.
473 2660 650 2730 Haec,
673 2680 818 2737 quae
841 2660 990 2731 dico,
1009 2660 1362 2737 cogitatione
1384 2660 1535 2720 inter
1556 2681 1615 2718 se
1638 2660 1931 2732 differunt,

246 2759 306 2797 re
338 2740 570 2815 quidem
607 2740 874 2819 copulata
909 2748 1059 2812 sunt,
1081 2760 1259 2818 eaque
1296 2741 1559 2798 oriuntur
1592 2760 1660 2797 ex
1694 2740 1934 2799 libidine

247 2826 305 2875 et
333 2838 400 2875 ex
431 2820 662 2877 laetitia.
750 2820 899 2877 Nam
932 2839 1064 2876 cum
1100 2829 1188 2878 est
1221 2821 1529 2897 concupita
1557 2821 1801 2899 pecunia
1828 2838 1935 2877 nec

247 2898 506 2956 adhibita
533 2899 810 2957 continuo
840 2900 986 2956 ratio
1012 2901 1175 2978 quasi
1198 2901 1477 2977 quaedam
1501 2900 1793 2959 Socratica
1818 2919 1937 2957 me-

248 2976 454 3048 dicina,
481 2997 624 3056 quae
668 2986 892 3039 sana-ret
933 2998 1060 3035 eam
1103 2980 1499 3057 cupiditatem,
1532 2986 1832 3057 permanat
1873 2980 1935 3037 in

247 3076 418 3113 venas
452 3064 510 3113 et
543 3058 800 3116 inhaeret
834 3059 892 3115 in
923 3060 1235 3117 visceribus
1269 3058 1413 3117 illud
1444 3060 1660 3117 malum
1691 3060 1937 3117 exsistit·

249 3154 358 3211 quc
387 3135 622 3193 morbus
650 3144 708 3193 et
741 3138 1076 3213 aegrotatiO,
1099 3158 1245 3215 quae
1279 3139 1445 3196 evelli
1474 3139 1789 3197 inveterata
1816 3158 1935 3196 non

249 3222 506 3289 possunt,
529 3215 692 3293 eiquc
713 3216 914 3274 morbo
937 3237 1149 3275 nomen
1175 3225 1261 3275 est
1282 3218 1547 3277 avaritia.
1636 3224 1727 3277 25.
1766 3218 1936 3277 Simi-
