2235 3581
630 462 706 521 M.
765 463 1120 522 TULLII
1176 462 1733 538 CICERONIS

337 604 1159 682 TUSCULANARUM
1209 605 2022 682 DISPUTATIONUM

817 755 866 826 A
887 755 939 827 D
1003 753 1078 827 M.
1142 755 1188 828 B
1210 755 1257 827 R
1279 755 1329 828 U
1349 755 1396 828 T
1420 755 1470 828 U
1490 755 1551 828 M

900 916 1123 964 LIBER
1156 915 1469 977 QUINTUS

339 1047 486 1118 QUI
527 1048 794 1108 DOCET
826 1049 1253 1110 VIRTUTEM
1287 1050 1406 1107 AD
1447 1048 1713 1107 BEATE
1749 1046 2027 1107 VIVEN-

518 1163 701 1222 DUM
743 1163 837 1222 SE
879 1164 1064 1223 IPSA
1105 1164 1293 1223 ESSE
1336 1163 1849 1224 CONTENTAM.

854 1411 1506 1462 ARGUMENTUM.

409 1509 520 1557 Hoc
543 1509 668 1557 libro
686 1509 844 1573 quinti
869 1511 967 1560 diei
987 1510 1259 1574 disputatio
1276 1512 1572 1572 continetur,
1592 1527 1689 1574 qua
1715 1512 1938 1559 virtutem
1962 1509 2033 1560 ad

342 1574 481 1622 beate
502 1574 752 1623 vioendum
777 1593 829 1623 se
852 1577 970 1639 ipsa
990 1593 1088 1625 esse
1105 1586 1375 1625 contentam
1395 1578 1776 1626 demonstratur.
1832 1578 1913 1625 Ac
1930 1579 2029 1640 pri-

343 1655 426 1688 mo
452 1641 650 1703 quidem
687 1642 1157 1691 mathematicorum
1186 1657 1325 1690 more
1352 1643 1527 1692 Cicero
1561 1657 1627 1690 ex
1660 1643 1734 1700 iis,
1754 1657 1882 1705 quae
1912 1653 2029 1692 ante

341 1705 594 1768 disputata
619 1715 777 1768 erant,
803 1708 1017 1756 breviter
1043 1708 1245 1756 conficit
1273 1707 1339 1766 id,
1361 1707 1495 1770 quod
1523 1707 1806 1770 quaeritur:
1846 1708 2027 1758 deinde

343 1772 411 1821 ad
443 1772 848 1835 philosophorum
884 1773 1089 1822 modum
1125 1774 1199 1822 ita
1232 1773 1294 1821 de
1328 1773 1422 1821 liae
1458 1773 1747 1836 quaestione
1784 1773 2020 1837 disputat,

346 1849 595 1901 tamquam
621 1840 953 1901 superioribus
977 1840 1150 1887 diebus
1173 1839 1294 1887 nihil
1321 1840 1384 1886 sit
1403 1839 1703 1901 disputando
1726 1840 2021 1889 confectum.

345 1905 478 1952 Nam
504 1905 718 1966 primum
747 1906 982 1965 ostendit,
1008 1906 1048 1953 si
1085 1905 1283 1967 sapiens
1311 1905 1542 1952 omnibus
1576 1905 2028 1967 perturbationibus

343 1969 467 2017 liber
491 1970 569 2029 sit,
595 1985 693 2018 non
723 1986 867 2033 posse
895 1986 995 2018 non
1025 1972 1226 2019 beatum
1258 1970 1532 2031 sapientem
1561 1985 1683 2031 esse,
1706 1971 1841 2033 quod
1864 1972 1951 2034 qui
1976 1973 2025 2019 in

343 2034 440 2083 illis
463 2034 563 2083 sint.
584 2037 752 2084 miseri
775 2038 875 2084 sint.
900 2035 1196 2085 necessario.
1262 2037 1375 2096 Qua
1397 2051 1450 2084 re
1474 2051 1588 2084 cum
1605 2036 1761 2084 virtus
1783 2053 1815 2085 a
1837 2046 2029 2099 pertur-

343 2100 622 2149 bationibus
646 2101 750 2150 sola
772 2102 963 2163 liberet,
983 2104 1217 2152 virtutem
1240 2102 1516 2151 necessario
1540 2101 1696 2150 solam
1723 2103 1919 2151 beatum
1940 2103 2028 2149 ho-

345 2166 529 2214 minem
555 2167 762 2227 efficere,
784 2184 890 2231 cap.
917 2172 1026 2217 1-6.
1102 2170 1163 2217 In
1190 2184 1289 2231 qno
1316 2168 1630 2231 reprehendit
1654 2176 1869 2216 veterem
1896 2170 2028 2215 Aca-

343 2232 650 2281 demicorum
685 2242 735 2282 et
771 2235 1216 2297 Peripateticorum
1254 2234 1656 2292 inconstantiam,
1678 2234 1762 2296 qni
1790 2249 1903 2281 cum
1933 2235 2029 2281 tria

343 2312 527 2356 genera
552 2299 790 2347 bonorum
810 2301 1057 2361 fecissent,
1081 2299 1236 2348 solam
1265 2310 1428 2347 tamen
1454 2299 1688 2347 virtutem
1707 2299 1927 2347 dixerint
1950 2315 2024 2346 sa-

345 2364 408 2411 tis
437 2364 485 2411 in
523 2380 575 2413 se
608 2365 804 2424 habere,
834 2366 874 2413 si
909 2382 1007 2414 non
1044 2367 1107 2415 ad
1145 2365 1500 2424 beatissimam,
1529 2373 1695 2411 tamen
1731 2363 1797 2411 ad
1830 2365 2023 2411 beatam

343 2429 516 2489 vitam,
538 2446 645 2493 cap.
673 2434 816 2480 ἰ’-13.
889 2433 1088 2480 Deinde
1121 2432 1290 2479 multis
1324 2446 1435 2478 cnm
1466 2430 1771 2489 argumentis
1806 2437 1908 2476 tum
1940 2446 2027 2477 ex-

345 2496 520 2557 emplis
553 2496 815 2545 hominnm
855 2508 906 2545 et
939 2499 1227 2546 vitiosorum
1264 2506 1315 2544 et
1349 2496 1546 2543 virtutis
1584 2494 1727 2543 laude
1761 2494 2023 2542 illustrium

345 2560 654 2609 demonstrat
687 2563 918 2611 virtutem
956 2564 1150 2611 efficere
1184 2562 1436 2609 hominem
1471 2574 1571 2607 non
1607 2560 1764 2607 solum
1804 2561 2020 2609 beatum.

345 2626 478 2687 quod
507 2626 571 2674 sit
599 2628 778 2675 Stoicis
807 2644 921 2676 cnm
945 2628 1248 2677 Academiae
1274 2627 1449 2674 veteris
1476 2626 1783 2688 philosophis
1809 2635 1860 2673 et
1889 2626 2026 2673 Peri-

345 2692 571 2753 pateticis
595 2708 874 2751 commnne,
899 2694 986 2742 sed
1014 2694 1167 2741 etiam
1197 2692 1533 2740 beatissimum
1557 2691 1635 2739 vel
1658 2692 1708 2738 in
1734 2692 1955 2739 cruciatu
1978 2700 2028 2738 ct

345 2758 620 2818 tormentis,
646 2760 777 2821 qnod
806 2770 983 2807 contra
1017 2758 1187 2807 dicant
1220 2757 1467 2805 Platonici
1502 2767 1552 2804 et
1585 2756 1919 2818 Peripatetici,
1942 2756 2026 2818 qui

345 2824 528 2873 virtute
546 2825 748 2888 quidem
775 2825 970 2873 beatam
991 2826 1143 2872 vitam
1164 2837 1274 2871 esse
1291 2821 1610 2882 contendant,
1635 2822 1723 2870 sed
1746 2823 2028 2871 accessione

344 2888 584 2938 bonorum
626 2893 844 2953 corporis
883 2900 934 2939 et
974 2891 1204 2938 fortunae
1242 2888 1349 2936 fieri
1385 2888 1672 2948 beatiorem,
1702 2903 1811 2952 cap.
1843 2889 2021 2936 14—28.

347 2955 607 3005 Postremo
632 2957 890 3005 subiicitur
915 2956 1066 3016 longa
1092 2954 1379 3017 disputatio,
1405 2970 1504 3016 qua
1529 2954 1672 3002 initio
1700 2970 1731 3001 a
1754 2954 2027 3002 Platonicis

342 3031 395 3069 ct
419 3022 764 3085 Peripateticis
788 3023 920 3070 facto
943 3021 1221 3069 ostenditur
1243 3035 1343 3083 quo
1366 3020 1517 3068 modo
1539 3028 1595 3068 ut
1619 3030 1895 3068 ceterorum
1919 3036 2025 3067 om-

344 3088 500 3148 nium,
524 3089 595 3136 ita
617 3088 667 3135 in
693 3088 866 3150 primis
889 3087 1250 3149 Epicureorum
1273 3086 1335 3134 de
1358 3087 1458 3135 fine
1483 3087 1722 3134 bonorum
1749 3086 2025 3133 sententiae

342 3164 728 3203 consentaneum
750 3164 890 3218 putet
910 3155 1156 3217 sapientes
1175 3169 1368 3217 semper
1386 3153 1695 3201 beatissimos
1712 3152 1890 3210 dicere,
1913 3166 2019 3212 cap.

343 3222 522 3269 :eo-⁴1.
