2235 3581
707 186 844 236 Lm.
886 173 1008 246 111.'‚
1049 185 1205 234 CAr.
1245 174 1664 235 xxm-xxiv.
1746 173 1753 178 ’
1939 189 2032 238 ιοι

342 277 617 344 docentes
641 305 812 363 quam
834 305 1008 362 parva
1028 292 1089 343 et
1109 305 1283 362 quam
1307 305 1489 362 pauca
1518 287 1633 343 sint
1654 305 1802 364 quac
1831 292 2033 345 natura

341 367 647 436 desideret,
681 373 780 423 aut
813 387 848 422 a
881 366 1215 444 disputandi
1250 365 1569 424 subtilitate
1602 367 1923 424 orationem
1959 367 2034 424 ad

343 446 606 524 exempla
635 447 1003 503 traducimus,
1092 446 1208 503 Hic
1239 446 1500 504 Socrates
1529 454 2030 518 commemoratur,

343 527 439 585 hic
467 527 778 604 DiogeneS,
802 527 898 584 hic
920 491 1311 584 Caecilianum
1341 527 1513 584 illud.

540 653 700 714 Saepe
719 659 797 700 est
814 650 966 700 etiam
991 651 1082 699 sub
1110 651 1312 714 palliolo
1336 652 1537 701 sordido
1561 653 1820 716 sapient-ia.

339 771 492 828 Cum
517 771 671 828 enim
694 770 1048 846 paupertatis
1066 789 1183 827 una
1202 771 1515 848 eademque
1538 771 1612 828 sit
1637 771 1735 842 vis,
1754 771 2027 848 quidnam

340 852 458 909 dici
477 857 670 928 potest
683 870 857 928 quam
881 850 957 908 ob
977 869 1098 908 rem
1120 850 1184 909 C.
1211 850 1471 908 Fabricio
1493 850 1805 908 tolerabilis
1828 873 1895 909 ca
1912 853 2032 909 fne-

341 932 434 1002 rit,
456 932 553 988 alii
577 937 789 1008 negent
817 949 876 988 se
899 931 1048 988 ferre
1069 932 1276 1007 possea
1352 932 1443 988 57.
1482 931 1637 990 Huic
1666 933 1845 1009 igitur
1866 933 2029 989 alteri

341 1012 540 1089 generi
568 1011 772 1068 similis
799 1019 886 1068 est
914 1031 981 1068 ea
1007 1011 1157 1068 ratio
1186 1011 1536 1082 consolandi,
1563 1031 1706 1089 quac
1736 1012 1907 1069 docet
1930 1011 2031 1070 hu-

341 1111 513 1149 mana
537 1111 661 1149 esse
681 1111 828 1168 quae
857 1091 1184 1148 acci-derint.
1218 1107 1223 1119 ·
1264 1091 1399 1148 Non
1422 1092 1574 1148 enim
1600 1093 1783 1149 solum
1814 1091 1875 1149 id
1898 1103 2031 1148 con‘-

339 1173 490 1230 tinet
523 1191 590 1229 ea
631 1171 967 1248 disputatis»,
1000 1179 1066 1228 ut
1109 1171 1501 1248 cognitionem
1544 1172 1769 1229 adferat
1801 1173 2029 1248 generis

341 1252 595 1323 humaui,
624 1251 729 1308 sed
768 1251 1055 1328 significat
1096 1251 1417 1308 tolerabilia
1454 1271 1573 1308 esse
1610 1271 1763 1329 quae·
1794 1261 1855 1309 et
1888 1252 2029 1309 tule-

339 1333 458 1390 rint
492 1339 550 1389 et
583 1333 774 1389 ferant
807 1333 995 1390 ceteri.
1069 1331 1295 1390 XXIV.
1332 1332 1424 1389 Dc
1453 1339 1788 1409 paupertate
1818 1332 2028 1409 agitur,

338 1413 510 1470 multi
543 1413 827 1490 patientes
869 1431 1147 1490 pauperes
1189 1419 1747 1472 commemorantur:
1788 1412 1861 1482 de
1894 1431 2029 1469 con-

179 1483 186 1489 ’
250 1565 254 1568 ἢ
339 1493 653 1550 temnendo
695 1492 930 1563 honore,
967 1493 1137 1550 multi
1180 1491 1513 1550 inhonorati
1552 1493 1928 1570 proferuntur
1970 1500 2029 1564 et

337 1573 576 1650 quidem
618 1579 856 1650 propter
896 1573 956 1630 id
999 1573 1192 1650 ipsum
1234 1571 1530 1644 beatioreS,
1563 1592 1892 1650 eorumque,
1928 1574 2027 1650 qui

338 1654 627 1746 privatum
649 1654 838 1710 otium
866 1653 1115 1730 negotiis
1143 1651 1390 1730 publicis
1418 1653 1821 1723 antetulerunt,
1844 1654 2028 1710 nomi-

338 1735 522 1790 natim
551 1734 670 1792 vita
696 1733 976 1805 laudatur,
1002 1753 1106 1790 nec
1136 1733 1335 1793 siletur
1362 1733 1506 1792 illud
1534 1734 1923 1812 potentissimi
1946 1754 2028 1793 re-

337 1816 430 1892 gis
458 1822 844 1893 anapaestum,
867 1815 966 1891 qui
987 1814 1183 1872 laudat
1204 1810 1399 1873 senem
1428 1822 1486 1873 et
1514 1816 1875 1873 fortunatum
1906 1836 2026 1873 esse

337 1896 499 1966 dicit,
522 1895 674 1973 qnod
699 1895 978 1971 inglorius
1000 1896 1075 1952 sit
1103 1901 1276 1973 atque
1292 1894 1576 1972 ignobilis
1596 1895 1672 1953 ad
1694 1890 2025 1974 supremum

339 1976 493 2033 diem
515 1982 905 2053 perventum&
975 1981 1066 2033 58.
1099 1974 1377 2032 Similiter
1393 1974 1915 2053 commemorandis
1937 1996 2027 2033 ex-

340 2056 544 2132 emplis
563 2056 837 2113 orbitates
860 2075 1088 2133 quoque
1109 2055 1355 2113 liberum
1384 2057 1788 2133 praedicant-ur
1806 2076 2028 2115 eornm-

340 2156 468 2213 que,
502 2137 599 2213 qui
633 2135 860 2211 gravius
893 2136 1105 2207 ferunt,
1142 2135 1331 2194 luctus
1365 2136 1608 2194 aliorum
1642 2136 1921 2214 exemplis
1953 2137 2027 2193 le-

340 2216 604 2273 niunt-ur:
663 2217 744 2273 sic
787 2217 1078 2294 perpessio
1113 2223 1431 2274 ceterorum
1477 2218 1645 2275 facit
1660 2218 1741 2274 ut
1768 2236 1849 2287 ea,
1883 2236 2025 2309 quae

338 2295 664 2367 acciderint,
685 2296 872 2353 multo
900 2296 1124 2353 minora
1153 2316 1325 2373 quam
1356 2303 1569 2374 quanta
1597 2298 1713 2354 sint
1742 2298 2029 2354 existima-

319 2383 402 2433 'ta
421 2376 735 2434 videantur.
809 2375 900 2433 Ita
919 2375 986 2433 fit
1009 2376 1223 2434 sensim
1252 2376 1643 2453 cogitantibus
1666 2384 1723 2434 et
1656 2384 2025 2514 quantum
2044 2336 2209 2487 ἡ,

339 2456 416 2513 sit
437 2457 714 2514 ementita
732 2457 943 2533 opinio‘-
955 2464 1241 2535 appareat.
1315 2459 1511 2553 Atque
1534 2434 1820 2515 hoc'ffim
1668 2477 1685 2513 ι
1845 2464 1903 2514 ct
1924 2457 2027 2515 Te-

338 2536 532 2593 lamon
561 2536 656 2595 ille
684 2536 962 2595 declarat:

863 2666 973 2727 Ego
995 2682 1113 2715 cum
1140 2667 1287 2727 genui
1326 2705 1337 2715 .
1380 2705 1391 2715 .
1434 2706 1445 2717 .

338 2723 400 2776 et
419 2716 702 2776 Theseus:

559 2839 774 2889 Futuras
797 2856 994 2889 mecum
1019 2843 1394 2891 commentabar
1416 2843 1640 2893 miserias
1675 2880 1688 2891 .
1731 2880 1743 2891 .
1787 2880 1799 2891 .

339 2947 400 3001 et
419 2940 826 3019 Anaxagoras:
869 2942 1129 3001 Sciebam
1158 2964 1244 3001 me
1272 2946 1530 3017 yenuisse
1557 2946 1867 3002 mortalem.
1942 2944 2027 3001 Hi

337 3022 494 3080 enim
531 3042 731 3080 omnes
763 3024 866 3081 diu
900 3026 1221 3101 cogitantes
1255 3025 1327 3082 de
1361 3024 1529 3081 rebus
1562 3024 1831 3081 humanis
1864 3024 2027 3081 intelss

337 3102 608 3181 legebant
663 3124 757 3161 eas
805 3123 1167 3181 nequaquam
1213 3124 1319 3181 pro
1371 3105 1643 3181 opinione
1698 3102 1855 3178 vulgi
1905 3122 2025 3159 esse

337 3183 807 3251 extimescendas
895 3184 970 3241 Et
1011 3184 1154 3240 mihi
1193 3184 1423 3261 quidem
1454 3184 1681 3240 videtur
1714 3181 1868 3239 idem
1904 3182 2024 3239 ferc

337 3264 596 3321 accidere
617 3264 704 3334 iis,
726 3264 823 3341 qui
851 3272 984 3321 ante
1006 3264 1373 3333 meditantur,
1397 3262 1553 3340 qnod
1575 3263 1660 3333 iis,
1683 3261 1889 3338 quibus
1911 3280 2025 3317 nie-

1176 3346 1204 3382 n
1850 3364 1857 3369 -
