2235 3581
235 178 327 230 186
455 176 1052 244 TUSCULANARUM
1093 173 1699 229 DISPUTATIONUM

229 287 352 337 crat
395 291 454 337 et
495 279 772 337 Graecam
815 279 1098 337 scribebat
1139 278 1440 336 historiam
1484 285 1545 336 et
1584 277 1818 337 videbat
1858 279 1921 337 in

231 359 451 417 litteris

310 439 599 496 XXXIX.
692 445 820 496 113.
867 439 1159 496 Diodotus
1194 437 1423 495 Stoicus
1465 457 1665 496 caecus
1706 439 1922 498 multos

230 538 410 576 annos
452 527 680 576 nostrae
715 519 914 576 domui
949 518 1107 574 vixit.
1196 517 1253 574 Is
1282 537 1437 589 vere,-
1459 518 1615 595 quod
1650 519 1922 578 credibile

230 600 326 656 vix
355 605 518 669 esset,
543 617 674 656 cum
705 599 763 654 in
793 597 1163 674 philosophia
1190 597 1376 655 multo
1406 599 1581 656 etiam
1610 601 1797 676 magis
1826 600 1922 658 ad-

231 679 392 736 sidue
427 697 600 756 quam
641 685 811 736 antea
844 685 1160 735 versaretur
1200 685 1259 735 et
1292 697 1424 735 cum
1460 677 1673 737 fidibus
1705 671 1922 756 Pytha-

229 777 531 834 goreorum
577 777 736 816 more
779 764 1048 827 uteretur,
1081 775 1327 834 cumque
1370 759 1423 816 ei
1457 757 1588 816 libri
1622 768 1821 817 noctes
1862 767 1921 818 et

229 839 353 896 dies
389 838 724 915 legerentur,
751 837 960 915 quibus
993 839 1054 894 in
1087 838 1297 895 studiis
1331 839 1511 896 oculis
1544 859 1659 897 non
1694 839 1917 917 egebat,

229 926 356 976 tum
393 917 550 995 quod
583 918 704 975 sine
739 917 919 974 oculis
947 917 1069 974 fieri
1103 937 1273 994 posse
1303 919 1397 976 vix
1426 919 1668 990 videtur,
1692 939 1921 996 geome-

230 999 372 1056 triae
410 1017 620 1054 munus
653 997 922 1055 tuebatur
953 997 1142 1054 verbis
1176 1000 1533 1077 praecipiens
1566 999 1921 1057 discentibus

231 1078 382 1135 unde
413 1097 528 1154 quo
551 1097 838 1155 quamque
860 1077 1068 1135 lineam
1101 1079 1429 1138 scriberent.
1513 1079 1919 1156 Asclepiadem

229 1159 441 1228 ferunt,
467 1177 584 1215 non
620 1157 936 1235 ignobilem
971 1158 1291 1217 Eretricum
1327 1159 1759 1236 philosophum,
1786 1179 1918 1217 cum

231 1238 466 1314 quidam
501 1246 796 1316 quaereret
826 1239 966 1320 quid
999 1240 1052 1296 ei
1086 1241 1330 1298 caecitas
1362 1240 1664 1316 attulisset,
1689 1259 1922 1317 respon-

231 1319 397 1389 disse,
429 1338 609 1395 puero
651 1325 718 1376 ut
751 1338 868 1377 uno
911 1327 1060 1376 esset
1091 1321 1435 1378 comitatior.
1520 1319 1611 1378 Ut
1644 1321 1797 1378 enim
1832 1320 1919 1377 vel

231 1418 456 1456 summa
498 1406 806 1475 paupertas
837 1398 1152 1456 tolerabilis
1194 1401 1284 1471 sit,
1323 1400 1370 1456 si
1404 1400 1573 1457 liceat
1608 1400 1766 1477 quod
1800 1401 1921 1477 qui-

231 1478 471 1536 busdam
507 1478 740 1536 Graecis
773 1480 1004 1550 cotidie,
1029 1481 1110 1538 sic
1146 1481 1387 1538 caecitas
1418 1479 1557 1537 ferri
1590 1479 1759 1538 facile
1792 1493 1922 1556 pos-

231 1559 323 1629 sit,
361 1559 407 1616 si
451 1577 566 1616 non
611 1559 802 1616 desint
843 1559 1098 1617 subsidia
1131 1561 1540 1619 valetudinum.
1632 1565 1763 1618 114.
1808 1560 1922 1617 De-

230 1639 507 1697 mocritus
528 1639 842 1697 luminibus
871 1640 1093 1696 amissis
1122 1639 1252 1696 alba
1279 1640 1495 1697 scilicet
1517 1640 1835 1698 discernere
1863 1648 1921 1697 et

231 1727 354 1776 atra
394 1739 509 1776 non
546 1727 805 1797 poterat:
841 1727 902 1776 at
935 1739 1068 1776 vero
1103 1719 1259 1777 bona
1289 1720 1455 1792 mala,
1488 1739 1670 1799 aequa
1702 1721 1917 1798 iniqua,

231 1800 474 1857 honesta
515 1800 722 1877 turpia,
761 1800 926 1858 utilia
966 1801 1210 1872 inutilia,
1241 1818 1453 1878 magna
1482 1820 1661 1878 parva
1690 1808 1921 1878 poterat

231 1887 290 1937 et
331 1880 454 1937 sine
496 1881 766 1937 varietate
808 1880 1064 1938 colorum
1102 1880 1313 1939 licebat
1350 1882 1538 1939 vivere
1577 1880 1760 1952 beate,
1798 1882 1921 1939 sine

231 1960 469 2018 notione
503 1979 691 2017 rerum
727 1980 845 2016 non
875 1960 1096 2018 licebat.
1184 1961 1381 2037 Atque
1410 1960 1503 2017 hic
1532 1962 1619 2018 vir
1650 1961 1921 2037 impediri

231 2040 408 2099 etiam
437 2040 617 2097 animi
646 2040 828 2097 aciem
856 2048 1088 2117 aspectu
1120 2040 1415 2097 oculorum
1446 2040 1841 2111 arbitrabatur,
1862 2048 1921 2098 et

231 2140 366 2178 eum
401 2120 499 2179 alii
533 2138 702 2196 saepe
735 2120 892 2197 quod
927 2127 1060 2177 ante
1091 2120 1271 2197 pedes
1308 2129 1456 2178 esset
1488 2140 1605 2178 non
1640 2121 1917 2190 viderent,

229 2201 326 2259 ille
367 2201 428 2258 in
472 2200 817 2258 infinitatem
862 2219 1091 2257 omnem
1135 2201 1621 2277 peregrinabatur,
1656 2209 1725 2258 ut
1764 2201 1922 2257 nulla

230 2282 292 2338 in
322 2281 685 2340 extremitate
715 2280 1066 2339 consisteret.
1153 2281 1455 2338 Traditum
1486 2289 1573 2338 est
1594 2281 1765 2338 etiam
1798 2281 1923 2338 Ho-

230 2381 452 2419 merum
488 2380 720 2418 caecum
750 2360 944 2418 fuisse.
1029 2360 1116 2418 At
1148 2361 1271 2417 eius
1303 2361 1605 2437 picturam,
1631 2380 1748 2418 non
1783 2368 1923 2437 poe·

231 2443 339 2499 sim
370 2441 646 2499 videmus
733 2439 893 2509 Quae
920 2442 1268 2518 regi0„quae
1304 2460 1418 2512 ora,
1445 2442 1543 2518 qui
1572 2441 1731 2499 locus
1752 2440 1923 2498 Grae-

231 2522 367 2593 ciae,
395 2540 539 2599 quae
568 2520 786 2598 species
811 2521 1115 2599 formaque
1137 2540 1382 2598 pugnae,
1404 2540 1548 2597 quae
1575 2521 1741 2592 acieS,
1764 2521 1922 2598 quod

231 2603 555 2679 remigium,
581 2601 680 2678 qui
707 2608 904 2658 motus
933 2600 1252 2672 hominum,
1278 2602 1379 2678 qui
1404 2602 1657 2658 ferarum
1691 2620 1810 2658 non
1838 2601 1923 2658 ita

231 2682 492 2759 expictus
527 2690 629 2752 est,
655 2689 722 2738 ut
751 2701 894 2759 quae
925 2682 1050 2757 ipse
1083 2700 1203 2738 non
1234 2681 1442 2738 viderit
1475 2700 1581 2739 nos
1612 2689 1681 2738 ut
1707 2680 1923 2738 videre-

230 2781 360 2819 mus
402 2762 698 2819 effecerit?
780 2760 937 2830 Quid
977 2762 1153 2837 ergo?
1192 2768 1295 2818 aut
1328 2761 1588 2819 Homero
1631 2760 1923 2818 delectati-

231 2861 404 2899 onem
447 2842 626 2899 animi
668 2860 733 2898 ac
767 2841 1123 2919 voluptatem
1167 2848 1267 2899 aut
1300 2842 1567 2918 cuiquam
1612 2841 1785 2898 docto
1828 2841 1923 2898 de-

231 2922 410 2981 fuisse
459 2940 735 2998 umquam
785 2921 1143 2992 arbitramur,
1184 2927 1315 2979 115.
1352 2930 1469 2992 aut,
1506 2921 1568 2977 ni
1608 2921 1692 2977 ita
1732 2940 1791 2978 se
1832 2940 1923 2978 res

231 3002 484 3072 haberet,
516 3001 891 3078 Anaxagoras
933 3009 1032 3058 aut
1065 3002 1159 3058 hic
1193 3002 1317 3078 ipse
1350 3000 1721 3058 Democritus
1753 3020 1923 3077 agros

231 3089 290 3139 et
317 3082 670 3158 patrimonia
714 3100 816 3137 sua
861 3080 1236 3159 reliquissent,
1273 3081 1408 3138 huic
1453 3081 1713 3138 discendi
1756 3100 1923 3157 quae·-

231 3162 510 3238 rendiquc
553 3162 780 3218 divinae
824 3161 1193 3219 delectationi
1226 3168 1356 3219 toto
1398 3181 1457 3218 se
1499 3161 1695 3218 animo
1737 3162 1921 3218 dedis-

232 3242 396 3298 sent?
481 3240 683 3317 Itaque
732 3260 1006 3317 augurem
1051 3240 1349 3311 Tiresiam,
1389 3260 1557 3318 quem
1602 3239 1921 3318 sapientem
