2235 3581
230 176 267 221 6
458 171 1050 222 TUSCULANARUM
1093 171 1695 224 DISPUTATIONUM

233 273 516 351 temptavi
538 273 679 351 quid
706 274 765 330 in
794 293 864 331 eo
885 293 1092 352 genere
1120 293 1365 352 possem.
1451 275 1540 334 Ut
1566 276 1722 334 enim
1749 283 1919 336 antea

234 354 673 412 declamitabam
716 373 926 426 causas,
952 355 1110 432 quod
1151 374 1324 413 nemo
1364 375 1460 413 me
1501 356 1719 414 diutius
1755 358 1913 432 fecit,

235 434 316 492 sic
352 434 489 492 haec
526 433 673 491 mihi
713 453 866 492 nunc
909 434 1101 492 senilis
1136 441 1223 493 est
1251 435 1608 494 declamatio,
1692 437 1916 497 Ponere

232 513 499 572 iubebam
532 514 603 572 de
634 533 748 591 quo
779 515 907 591 quis
934 515 1130 573 audire
1149 515 1350 574 vellet:
1395 517 1469 573 ad
1495 516 1559 574 id
1586 524 1687 574 aut
1714 518 1916 576 sedens

232 601 333 653 aut
362 593 659 654 ambulans
694 595 1073 672 disputabam.
1164 602 1214 654 8.
1263 595 1465 673 Itaque
1499 597 1724 654 dierum
1755 599 1917 675 quin-

234 694 344 751 que
386 675 623 746 scholas,
658 682 725 732 ut
757 675 960 733 Graeci
1002 676 1309 753 appellant,
1341 677 1401 732 in
1444 677 1691 735 totidem
1740 678 1916 736 libros

231 757 463 814 contuli.
565 756 767 815 Flebat
807 762 1001 814 autem
1042 755 1142 824 ita,
1179 761 1260 826 ut,
1299 774 1430 812 cum
1472 756 1536 827 is,
1576 756 1676 832 qui
1723 755 1920 812 audire

228 835 413 908 vellet,
451 836 688 894 dixisset
731 836 872 914 quid
912 834 1022 892 sibi
1060 835 1364 907 videretur,
1402 841 1528 892 tum
1571 854 1680 911 ego
1722 843 1918 892 contra

238 911 506 970 dicerem.
592 911 753 970 Haec
782 918 870 969 est
898 912 1069 982 enim,
1095 918 1162 968 ut
1195 910 1320 982 sciS,
1346 921 1510 970 vetus
1543 919 1602 969 et
1631 911 1923 970 Socratica

237 992 385 1049 ratio
407 999 609 1050 contra
636 991 867 1050 alterius
891 992 1224 1067 opinionem
1244 991 1572 1049 disserendi.
1659 992 1810 1050 Nam
1839 993 1922 1050 ita

237 1072 509 1130 facillime
558 1072 697 1149 quid
730 1072 849 1129 veri
888 1071 1245 1129 simillimum
1293 1079 1441 1129 esset
1483 1072 1726 1130 inveniri
1754 1093 1921 1148 posse

238 1151 499 1210 Socrates
543 1151 937 1210 arbitrabatur.
1023 1151 1140 1209 Sed
1179 1169 1292 1228 quo
1332 1152 1697 1209 commodius
1731 1152 1922 1228 dispu-

236 1233 485 1289 tationes
526 1239 754 1290 nostrae
788 1230 1160 1308 explicentur,
1193 1232 1272 1289 sic
1303 1251 1397 1288 eas
1425 1251 1726 1309 exponam,
1760 1233 1919 1310 quasi

236 1318 441 1388 agatur
483 1331 587 1384 ree,
620 1331 736 1370 non
778 1312 940 1389 quasi
984 1318 1259 1369 narretur.
1344 1311 1500 1388 Ergo
1534 1313 1616 1369 ita
1657 1319 1921 1370 nascetur

238 1392 553 1450 exordium.

317 1472 391 1532 V.
479 1478 531 1530 9.
568 1471 641 1530 A.
674 1471 892 1530 Malum
920 1471 1068 1529 mihi
1096 1471 1325 1530 videtur
1351 1491 1472 1529 esse
1506 1491 1676 1530 mors.

316 1552 394 1611 M.
432 1552 601 1624 Iisne,
634 1552 734 1630 qui
774 1552 990 1610 mortui
1032 1558 1183 1624 sunt,
1208 1571 1280 1610 an
1323 1551 1410 1623 iis,
1437 1551 1645 1629 quibus
1677 1551 1922 1611 morien-

236 1633 377 1690 dum
408 1634 526 1690 est&

316 1714 390 1770 A.
427 1713 723 1789 Utrisque.

317 1793 395 1851 M.
432 1794 538 1851 Est
564 1794 837 1850 miserum
866 1790 1059 1868 igitur,
1086 1792 1359 1870 quoniam
1387 1794 1620 1851 malum.

316 1874 389 1931 A.
428 1873 612 1931 Certe.

316 1953 394 2011 M.
433 1954 588 2030 Ergo
618 1959 676 2011 et
703 1953 762 2025 ii,
782 1952 988 2030 quibus
1010 1953 1203 2012 evenit
1231 1953 1346 2011 iam
1376 1960 1442 2013 ut
1468 1960 1840 2026 morerentur,
1861 1959 1920 2012 et

237 2034 295 2107 ii,
328 2033 537 2111 quibus
565 2040 900 2092 eventurum
930 2040 1033 2106 est,
1057 2034 1269 2091 miseri.

315 2114 389 2173 A.
427 2114 575 2171 Mihi
603 2114 686 2171 ita
712 2113 953 2171 videtur.

315 2194 393 2253 M.
431 2190 620 2251 Nemo
650 2213 787 2270 ergo
814 2213 930 2252 non
960 2194 1149 2252 miser.

314 2274 388 2333 A.
425 2274 669 2332 Prorsus
696 2294 883 2331 nem0.

315 2354 393 2413 M.
430 2355 508 2412 Et
538 2354 788 2432 quidem,
814 2354 863 2411 si
883 2353 993 2412 tibi
1015 2360 1276 2412 constare
1293 2354 1396 2425 viS,
1423 2373 1638 2425 omneS,
1666 2372 1922 2432 qulcum·

237 2455 347 2514 que
380 2436 502 2493 nati
536 2442 670 2493 sunt
704 2435 969 2506 eruntve,
988 2454 1104 2491 non
1149 2434 1334 2491 solum
1368 2433 1578 2504 miseri,
1613 2434 1713 2489 sed
1745 2433 1921 2490 etiam

236 2535 461 2593 semper
500 2514 712 2572 miseri.
798 2513 951 2571 Nam
987 2513 1033 2570 si
1069 2513 1222 2570 solos
1264 2531 1363 2569 eos
1405 2511 1622 2569 diceres
1661 2511 1918 2583 miserOS,

237 2596 445 2673 quibus
463 2594 830 2653 moriendum
852 2599 1016 2665 esset,
1042 2592 1332 2649 neminem
1355 2598 1422 2649 tu
1444 2591 1679 2669 quidem
1701 2610 1917 2663 eorum,

238 2675 337 2752 qui
366 2676 637 2746 viverent,
662 2672 1399 2749 exciperes—moriendum
1433 2679 1521 2730 est
1553 2672 1708 2729 enim
1739 2672 1922 2729 omni-

234 2754 573 2811 bus—esset
600 2760 794 2811 tamen
824 2752 1084 2810 miseriae
1105 2752 1237 2809 finis
1264 2752 1324 2809 in
1353 2759 1556 2810 morte.
1633 2751 1920 2821 Quoniam

236 2840 429 2891 autem
460 2834 633 2891 etiam
668 2832 885 2890 mortui
917 2832 1112 2890 miseri
1148 2839 1298 2904 sunt,
1330 2832 1390 2890 in
1425 2832 1714 2889 miseriam
1744 2832 1922 2889 nasci-

234 2933 367 2971 mur
410 2914 832 2991 sempiternam.
919 2912 1165 2971 Necesse
1203 2919 1290 2970 est
1331 2912 1486 2970 enim
1528 2913 1768 2969 miseros
1801 2930 1921 2969 esse

236 3013 350 3066 e05,
384 2995 483 3071 qui
520 3001 753 3051 centum
794 2992 1027 3050 milibus
1076 3012 1358 3051 annorum
1402 3000 1535 3050 ante
1570 2992 1917 3063 occiderunt,

236 3074 325 3131 vel
353 3074 549 3151 potius
579 3093 795 3144 omnes,
822 3073 1169 3150 quicumque
1199 3073 1320 3130 nati
1349 3080 1496 3131 sunt.

322 3159 411 3212 10.
449 3153 523 3213 Α.
562 3154 653 3212 Ita
679 3173 911 3231 prorsus
939 3153 1224 3211 existim0.

318 3232 395 3291 M.
431 3233 562 3306 Dic,
588 3252 833 3313 quaeso:
876 3253 1017 3290 num
1050 3239 1110 3291 te
1139 3233 1236 3291 illa
1267 3239 1499 3304 terrent,
1529 3232 1740 3310 triceps
1767 3229 1920 3308 apud
