2235 3581
782 166 922 215 LIB.
964 166 1031 228 1.,
1062 166 1220 218 CAP.
1254 167 1485 218 1V.-V1.
1966 173 1996 220 7

308 267 528 327 inferos
549 267 844 340 CerberuS‚
870 266 1079 345 Cocyti
1098 258 1383 340 fremituS‚
1407 268 1683 327 travectio
1704 268 1998 328 Acheron-

306 349 400 422 tis,
435 348 469 376 “
484 354 683 406 mento
725 367 1009 406 summam
1043 368 1250 426 aquam
1293 349 1583 426 attingens
1625 356 1858 408 enectus
1900 351 1997 410 siti

306 429 583 488 Tantalus
598 427 654 487 Y'
682 436 811 486 tum
839 427 999 500 illud,
1020 430 1179 487 ouod

1176 556 1416 620 Sisyphus
1439 567 1602 606 versat

521 622 715 672 Saxum
738 621 924 671 sudans
946 622 1154 672 nitendo
1176 637 1339 686 neque
1362 622 1560 685 proficit
1582 623 1738 672 hilum
1754 625 1778 673 ?

306 741 552 797 fortasse
582 739 758 796 etiam
790 739 1170 798 inexorabiles
1204 739 1438 810 iudiceS‚
1464 737 1657 797 Minos
1684 747 1744 798 et
1770 739 1997 798 Rhada-

306 818 618 880 manthus?
652 819 807 896 apud
834 839 980 897 quos
1008 839 1113 876 nec
1142 827 1200 877 te
1236 819 1298 878 L.
1324 819 1560 877 Crassus
1589 820 1864 879 defendet
1890 841 1995 878 nec

308 899 387 958 M.
412 898 707 957 Antonius
741 919 862 971 nec,
885 901 1161 977 quoniam
1195 900 1351 977 apud
1371 900 1622 960 Graecos
1654 900 1873 958 iudices
1907 921 1996 960 res

307 987 525 1056 agetur,
557 980 775 1056 poteris
802 979 1075 1038 adhibere
1103 979 1538 1040 Demosthenen
1561 999 1573 1038 :
1609 981 1718 1038 tibi
1746 981 1859 1058 ipsi
1888 1001 1994 1058 pro

305 1067 367 1117 te
390 1059 497 1116 erit
524 1061 777 1118 maxima
798 1079 1009 1118 corona
1030 1080 1199 1119 causa
1216 1060 1474 1119 dicenda.
1559 1060 1721 1119 Haec
1749 1061 1994 1119 fortasse

307 1139 519 1196 metuis
552 1147 612 1198 et
644 1140 858 1198 idcirco
893 1147 1140 1198 mortem
1176 1160 1370 1199 censes
1413 1159 1534 1198 esse
1577 1140 1993 1218 sempiternum

306 1219 541 1278 malum.
1128 1236 1140 1247 ‘

388 1299 495 1358 VI.
531 1298 605 1358 A.
641 1298 885 1358 Adeone
933 1319 1027 1358 me
1076 1299 1315 1358 delirare
1359 1319 1570 1372 censeS,
1595 1306 1661 1358 ut
1711 1301 1821 1358 ista
1871 1321 1992 1358 esse

306 1380 570 1438 credam?

388 1459 467 1517 M.
503 1458 601 1526 An
631 1466 697 1518 tu
722 1459 863 1518 haec
891 1479 1009 1516 non
1039 1460 1262 1518 credis?

389 1539 462 1598 A.
500 1539 741 1598 Minime
768 1559 919 1598 vere.
1114 1601 1122 1604 ,

388 1619 468 1677 Μ.
506 1619 655 1678 Male
681 1620 910 1678 hercule
938 1639 1146 1678 narras

387 1700 461 1758 A.
500 1700 651 1758 Cur?
685 1719 910 1777 quaeso,

388 1779 467 1839 M.
506 1779 655 1849 Quia
682 1781 925 1841 disertus
960 1800 1081 1841 esse
1112 1800 1360 1859 possem,
1387 1780 1434 1839 si
1468 1787 1669 1841 contra
1703 1780 1816 1840 ista
1848 1781 1998 1841 dice-

308 1880 445 1919 rem.

388 1941 461 2000 A.
500 1940 643 2010 Quis
678 1941 833 1999 enim
865 1961 984 2000 non
1017 1941 1079 1999 in
1113 1942 1237 1999 eius
1276 1942 1439 2001 modi
1481 1944 1686 2001 causa?
1771 1948 1864 2001 11.
1896 1949 1996 2001 aut

204 2052 208 2057 ·
310 2021 452 2100 quid
480 2022 702 2099 negotii
731 2028 817 2080 est
844 2022 985 2081 haec
1006 2028 1315 2100 poetarum
1336 2029 1395 2079 et
1416 2023 1705 2101 pictorum
1726 2030 1998 2101 portenta

308 2102 645 2161 convincere
663 2103 683 2160 2

389 2180 467 2240 Μ.
504 2182 692 2259 Atqui
724 2182 881 2259 pleni
913 2180 1047 2240 libri
1088 2188 1224 2239 sunt
1265 2188 1468 2240 contra
1507 2182 1618 2240 ista
1659 2182 1784 2261 ipsa
1825 2183 1997 2241 disse-

309 2262 561 2321 rentium
589 2262 1083 2341 philosophorum.

390 2342 464 2401 A.
502 2340 706 2419 Inepte
735 2362 883 2401 sane.
962 2342 1105 2411 Quis
1141 2341 1295 2399 enim
1330 2347 1418 2401 est
1443 2348 1562 2400 tam
1599 2360 1795 2401 excors
1825 2361 1995 2420 quem

309 2424 422 2481 ista
448 2420 755 2480 moveant?

390 2503 472 2561 M.
510 2502 572 2560 Si
600 2522 738 2579 ergo
768 2502 924 2579 apud
952 2502 1172 2563 inferos
1203 2501 1399 2559 miseri
1432 2520 1550 2559 11011
1587 2508 1737 2575 sunt,
1762 2521 1834 2560 ne
1862 2509 1995 2561 sunt

313 2584 546 2661 quidem
569 2583 725 2660 apud
751 2583 968 2640 inferos
997 2582 1113 2640 ulli.

390 2664 463 2723 A.
502 2662 593 2719 Ita
619 2680 853 2739 prorsus
874 2663 1159 2720 existimo.

390 2744 469 2803 M.
505 2742 629 2801 Ubi
659 2749 794 2800 sunt
823 2762 959 2819 ergo
988 2742 1046 2814 ii,
1069 2762 1214 2820 quos
1241 2742 1482 2801 miseros
1509 2741 1670 2814 dicis
1696 2748 1796 2800 aut
1825 2760 1995 2818 quem

310 2822 502 2883 locum
544 2822 843 2880 incolunt?
923 2822 987 2879 Si
1020 2824 1175 2879 enim
1215 2830 1366 2895 sunt,
1391 2842 1674 2899 nusquam
1717 2842 1837 2879 esse
1877 2841 1996 2880 non

312 2911 568 2981 possunt.

391 2985 463 3042 A.
501 2984 629 3061 Ego
650 3002 785 3041 vero
814 3000 1096 3061 nusquam
1128 3002 1248 3040 esse
1277 2981 1404 3040 illos
1431 2988 1592 3060 put0.

393 3064 470 3122 M.
510 3064 699 3141 Igitur
726 3082 798 3121 ne
828 3082 948 3120 esse
978 3062 1250 3140 quidem?

392 3143 465 3202 A.
498 3144 741 3201 Prorsus
768 3144 882 3200 isto
910 3143 1103 3215 mod0,
1131 3149 1189 3200 et
1222 3149 1415 3201 tamen
1449 3140 1690 3201 miseros
1719 3138 1793 3199 ob
1822 3138 1885 3198 id
1912 3138 1997 3217 ip-

313 3243 439 3281 sum
469 3224 720 3302 quidem,
747 3223 882 3300 quia
910 3222 1051 3280 nulli
1080 3222 1210 3279 sint.
