2235 3581
779 172 918 220 LIB.
959 171 1054 231 IL,
1087 170 1244 219 CAP.
1280 169 1615 218 XIV.-XVI.
1980 173 2045 218 65

357 274 571 331 dolere.
637 273 696 331 O
727 273 1031 330 verborum
1075 271 1247 348 inops
1290 270 1599 341 interdum,
1632 269 1841 348 quibus
1872 270 2045 328 abun-

356 355 496 411 dare
530 359 589 410 te
623 373 848 430 semper
886 359 1073 429 putaS,
1099 351 1369 408 Graecia!
1440 350 1637 422 Aliud,
1674 351 1927 427 inquam,
1959 359 2046 408 est

356 435 570 505 dolere,
613 433 770 490 aliud
811 433 1081 490 laborare.
1162 431 1312 488 Cum
1351 431 1564 488 varices
1609 430 1945 488 secabantur
1977 431 2040 489 C.

357 514 563 584 Mari0‚
599 513 864 570 dolebat:
909 532 1039 569 cum
1083 518 1244 570 aestu
1284 531 1498 588 magno
1519 507 1785 568 'ducebat
1816 529 2041 588 agmen,

357 594 670 652 laborabat.
758 593 864 650 Est
889 593 1041 650 inter
1071 592 1213 664 haec
1248 592 1527 670 quaedam
1560 598 1754 648 tamen
1782 591 2046 648 similitu-

357 675 472 732 do:
517 673 873 731 consuetudo
917 673 1072 730 enim
1113 672 1375 730 laborum
1418 673 1844 749 perpessionem
1887 671 2045 729 dolo-

357 775 488 811 rum
518 753 692 812 efficit
720 753 1054 811 faciliorem.
1144 758 1236 810 36.
1282 751 1485 829 Itaque
1519 751 1619 823 illi,
1646 752 1744 830 qui
1772 751 2043 816 Graeciae

355 835 609 892 formam
652 853 840 891 rerum
881 833 1241 911 publicarum
1284 832 1581 903 dederunt,
1618 831 1858 908 corpora
1894 832 2045 889 iuve-

359 934 500 971 num
533 913 746 971 firmari
780 913 972 971 labore
1007 913 1327 971 voluerunt.
1406 911 1578 980 Quod
1612 911 1929 988 Spartiatae
1965 919 2044 969 et-

356 995 474 1050 iam
503 995 564 1051 in
592 994 840 1052 feminas
867 994 1295 1065 transtulerunt,
1318 1012 1461 1070 quae
1490 993 1690 1050 ceteris
1717 992 1779 1049 in
1808 991 2045 1049 urbibus

356 1073 698 1131 mollissimo
721 1074 880 1132 cultu
905 1073 938 1101 ‘⁴
954 1075 1240 1152 parietum
1262 1073 1479 1131 umbris
1502 1071 1893 1130 occuluntur.'’
1951 1071 2042 1128 Illi

353 1161 553 1213 autem
581 1154 886 1212 voluerunt
912 1155 1066 1210 nihil
1093 1155 1300 1210 horum
1329 1153 1514 1210 simi-Ze
1540 1172 1651 1210 esse

1073 1287 1207 1350 apud
1229 1289 1485 1336 Lacaenas
1509 1288 1738 1347 virgines,

486 1352 682 1414 Quibus
703 1353 866 1413 magis
888 1353 1139 1416 palaestra
1161 1355 1367 1413 Eurota,
1392 1353 1482 1413 sol,
1505 1353 1681 1415 pulvis,
1703 1353 1859 1414 labor,

490 1419 678 1488 Militia
701 1419 867 1467 studio
888 1427 966 1468 est
985 1434 1137 1482 quam
1160 1419 1389 1468 fertilitas
1412 1419 1638 1467 barbara.

356 1554 514 1632 Ergo
535 1553 628 1611 his
655 1554 953 1612 laboriosis
976 1553 1478 1612 exercitationibus
1501 1561 1558 1611 et
1580 1553 1745 1612 dolor
1772 1555 2042 1612 intercur-

273 1653 280 1658 ·
357 1635 434 1691 rit
471 1654 588 1692 non
630 1654 964 1712 numquam,
1002 1634 1392 1712 impelluntur,
1429 1633 1731 1706 feriuntur,
1769 1634 2042 1692 abiiciun-

351 1723 468 1787 tur‚
495 1715 728 1786 cadunt,
761 1723 819 1772 et
847 1715 970 1793 ipse
997 1715 1161 1772 labor
1194 1715 1354 1792 quasi
1382 1713 1591 1772 callum
1622 1715 1915 1794 quoddam
1944 1716 2042 1774 ob-

351 1796 518 1853 ducit
546 1796 747 1853 dolori.

439 1876 605 1934 XVL
693 1875 785 1933 37.
823 1874 1034 1933 Militia
1054 1882 1523 1933 vero—nostram
1555 1876 1703 1949 dice,
1728 1898 1844 1935 non
1875 1877 2041 1955 Spar-

351 1957 644 2028 tiatarum,
668 1974 915 2033 quorum
950 1956 1213 2033 procedit
1245 1976 1452 2034 agmen
1480 1957 1553 2014 ad
1581 1957 1783 2015 tibiam
1814 1977 1917 2015 nec
1946 1959 2042 2016 ad-

354 2036 587 2093 hibetur
607 2035 724 2093 ulla
751 2037 872 2093 sine
901 2036 1222 2113 anapaestis
1248 2036 1493 2113 pedibus
1520 2037 2038 2096 hortatio—nostri

352 2117 636 2173 exercitus
657 2116 911 2193 primum
939 2116 1094 2181 unde
1121 2136 1333 2174 nomen
1362 2116 1611 2183 habeant
1631 2118 1806 2189 videS‚
1833 2118 2039 2176 deinde

353 2196 457 2273 qui
484 2196 661 2267 labor,
683 2203 932 2273 quantus
951 2196 1217 2273 agminia„
1241 2197 1390 2254 ferre
1419 2198 1549 2273 plus
1569 2198 1857 2256 dimidiati
1884 2218 2042 2255 men-

352 2278 435 2333 sis
456 2276 681 2347 cibaria,
705 2277 854 2333 ferre
883 2277 931 2333 si
950 2276 1096 2353 quid
1122 2277 1199 2333 ad
1226 2297 1393 2335 usum
1423 2278 1616 2348 velint,
1637 2278 1785 2334 ferre
1807 2278 2035 2336 vallum.

355 2356 507 2413 Nam
545 2364 788 2429 scutum,
819 2356 1094 2433 gladium,
1123 2357 1346 2434 galcam
1381 2358 1441 2413 in
1477 2376 1647 2414 onere
1680 2358 1862 2414 nost-ri
1896 2357 2041 2415 mili-

355 2444 445 2493 tes
471 2456 587 2493 non
616 2436 746 2514 plus
779 2444 1085 2494 numerant
1111 2456 1287 2515 quam
1323 2437 1607 2508 humeros,
1639 2437 1893 2509 lacertOS‚
1924 2458 2041 2496 ma—

356 2536 479 2573 nus,
543 2516 726 2573 Arma
753 2518 906 2574 enim
935 2517 1195 2575 membra
1220 2517 1423 2575 militis
1450 2537 1571 2575 esse
1599 2518 1815 2576 dicunt.
1880 2517 2039 2587 Quae

355 2596 593 2673 quidem
627 2597 710 2653 ita
741 2605 1018 2673 geruntur
1052 2605 1209 2675 apte,
1240 2605 1321 2670 ut,
1356 2598 1403 2655 si
1437 2618 1573 2655 usus
1605 2600 1771 2670 ferat,
1803 2598 2040 2656 'abiectis

353 2676 642 2747 oneribuS‚
679 2677 962 2754 expeditis
1002 2678 1177 2734 armis
1215 2685 1280 2735 ut
1314 2678 1587 2735 membris
1621 2699 1878 2757 pugnare
1912 2700 2041 2757 pos-

351 2756 486 2813 sint.
555 2755 748 2825 Quid?
785 2758 1119 2816 exercitatio
1152 2758 1463 2834 legionum,
1486 2759 1667 2837 quid?
1700 2760 1796 2817 ille
1824 2780 2036 2830 cursus,

353 2854 680 2907 conoul-sue,
706 2837 920 2895 clamor
939 2838 1143 2915 quanti
1162 2838 1374 2896 laboris
1394 2846 1481 2896 est
1502 2840 1513 2897 l
1588 2840 1677 2896 Ex
1698 2840 1810 2897 hoc
1830 2840 1925 2897 ille
1947 2859 2041 2897 an-

356 2916 508 2973 imus
536 2918 596 2974 in
625 2918 857 2994 proeliis
884 2926 1115 2995 parat-us
1144 2918 1219 2976 ad
1238 2919 1485 2976 vulnera.
1554 2919 1766 2977 Adduc
1793 2920 1919 2997 pari
1946 2939 2039 2977 an-

355 2996 476 3053 imo
526 2998 960 3053 inexercitatum
1010 2998 1272 3070 militem,
1310 2999 1515 3057 mulier
1552 2999 1855 3057 videbitur.
1942 3006 2036 3057 38.

353 3076 477 3133 Cur
502 3083 732 3133 tantum
765 3076 1004 3135 interest
1037 3078 1189 3135 inter
1220 3098 1435 3137 novum
1471 3087 1528 3139 et
1546 3080 1806 3137 *Veterem
1835 3080 2042 3136 exerci-

353 3162 484 3213 tum
520 3164 800 3235 quantum
842 3159 1063 3234 experti
1105 3160 1339 3217 sumus?
1410 3159 1590 3217 Aetas
1628 3160 1884 3216 tironum
1925 3159 2042 3235 ple-

335 3255 600 3315 -rumque
621 3236 840 3309 melior,
862 3238 966 3297 sed
984 3239 1135 3296 ferre
1162 3238 1433 3310 laborem,
1456 3246 1818 3297 contemnere
1838 3239 2041 3297 vulnus
