2235 3581
250 156 272 200 1
283 154 345 202 78
471 152 517 200 Τ
525 151 704 203 USCU
709 151 851 200 ΒΑΝ
858 150 1064 200 ARUM
1110 151 1709 202 DISPUTATIONUM

327 254 557 312 XXXI.
645 259 737 311 86.
785 253 932 310 Nam
965 259 1030 309 ut
1059 259 1403 329 quaestuosa
1430 260 1763 323 mercatura,
1784 255 1936 312 frue—

247 342 416 392 tuosa
439 336 620 392 aratio
652 335 876 405 dicitur,
903 353 1036 404 non,
1062 333 1110 389 si
1138 333 1317 390 altera
1342 352 1569 410 semper
1596 335 1757 390 omni
1780 335 1937 392 dam-

247 435 341 484 n0,
367 415 544 472 altera
570 415 730 472 omui
757 413 1116 503 tempestatis
1145 413 1467 470 calamitate
1501 433 1726 490 semper
1753 423 1933 486 vacat,

247 496 350 552 sed
378 495 425 552 si
455 494 638 552 multo
667 495 979 551 maiore'ex
1002 500 1165 570 parte
1194 499 1379 550 exstat
1407 493 1466 548 in
1496 501 1735 569 utraque
1758 494 1938 552 felici-

247 582 352 645 taS,
379 575 458 633 sic
489 576 607 632 vita
639 594 752 631 non
791 574 976 630 solum
1011 574 1060 629 si
1094 573 1351 650 undique
1383 573 1595 630 referta
1625 573 1797 631 bonis
1830 582 1933 640 est,

247 656 350 713 sed
383 656 432 712 si
465 655 650 714 multo
684 655 900 712 maiore
933 660 992 710 et
1023 653 1284 728 graviore
1324 672 1395 710 ex
1429 660 1589 729 parte
1622 653 1777 711 bona
1808 674 1940 732 pro-

249 736 522 812 pendent,
546 735 716 792 beata
747 742 899 791 recte
933 734 1048 790 dici
1082 739 1290 810 potest.
1378 734 1470 790 87.
1518 732 1801 810 Sequetur
1834 735 1939 808 igi·

249 825 344 873 tur
375 816 583 873 horum
617 815 838 872 ratione
867 813 955 871 vel
989 813 1064 870 ad
1097 813 1444 890 supplicium
1478 812 1645 870 beata
1677 815 1797 870 vita
1831 815 1938 870 vir-

249 902 436 952 tutem
483 914 724 971 cumque
767 914 833 950 ea
875 893 1185 951 descendet
1226 893 1286 950 in
1320 900 1566 962 taurum,
1602 892 1934 963 Aristotele,

251 976 591 1043 Xenocrate,
614 975 955 1050 SpeusippO,
977 973 1295 1030 Polemone
1316 973 1661 1044 auctoribuS,
1682 993 1787 1030 nec
1809 993 1936 1031 eam

251 1055 423 1111 minis
459 1049 614 1132 [aut]
645 1053 1056 1111 blandimentis
1090 1060 1361 1130 corrupta
1392 1053 1629 1110 deseret.
1716 1053 1937 1111 Eadem

249 1134 635 1212 Calliphontis
663 1135 771 1192 erit
798 1133 1160 1211 Diodorique
1189 1133 1487 1202 sententia,
1514 1152 1759 1210 quorum
1791 1141 1939 1191 uter-

252 1235 361 1294 que
379 1215 744 1274 honestatem
775 1215 856 1271 sic
877 1213 1296 1290 complectitur,
1318 1219 1383 1270 ut
1406 1214 1617 1280 omnia,
1641 1233 1786 1290 quae
1816 1215 1939 1271 sine

249 1316 318 1353 ea
345 1295 477 1366 sint,
502 1295 672 1372 longe
701 1301 759 1352 et
786 1301 938 1351 retro
967 1293 1237 1369 ponenda
1264 1300 1506 1350 censeat.
1592 1293 1823 1370 Reliqui
1844 1294 1941 1352 ha·

250 1376 384 1433 bere
413 1395 472 1432 se
500 1376 769 1432 videntur
796 1373 1110 1450 angustiUS,
1138 1379 1372 1430 enatant
1398 1380 1610 1443 tamen,
1636 1373 1936 1450 Epicurus»,

251 1457 661 1533 HieronmeS,
687 1462 744 1512 et
777 1454 825 1510 si
860 1454 960 1531 qui
988 1461 1123 1510 sunt
1152 1453 1251 1530 qui
1285 1453 1575 1510 desertum
1609 1452 1771 1510 illum
1808 1454 1941 1511 Car·

251 1537 493 1594 neadem
535 1543 736 1592 curent
772 1533 1096 1591 defendere.
1184 1532 1375 1590 Nemo
1414 1539 1501 1591 est
1543 1533 1694 1589 enim
1741 1554 1939 1591 eorum

250 1619 392 1694 quin
426 1616 713 1673 bonorum
746 1615 1002 1671 animum
1037 1619 1205 1690 putet
1238 1632 1359 1670 esse
1402 1612 1651 1669 iudicem
1694 1633 1940 1691 eumque

249 1695 703 1765 condocefaciat,
739 1700 806 1750 ut
849 1713 930 1765 ea,
969 1713 1113 1770 quae
1156 1693 1311 1750 bona
1357 1692 1577 1750 malave
1620 1693 1937 1765 videantur,

251 1778 436 1855 possit
470 1783 850 1834 contemnere.
939 1779 1030 1832 88.
1076 1772 1229 1831 Nam
1273 1792 1417 1850 quae
1450 1772 1560 1831 tibi
1594 1772 1829 1851 Epicuri
1862 1775 1942 1832 vi-

253 1859 436 1928 detur,
469 1857 666 1914 eadem
711 1855 822 1912 erit
854 1854 1204 1931 Hieronymi
1238 1861 1296 1911 et
1330 1853 1639 1911 Carneadis
1680 1874 1849 1912 causa
1882 1863 1941 1912 et

252 1937 480 1995 hercule
509 1935 769 1993 omnium
805 1935 1171 2012 reliquorum.
1258 1933 1400 2002 Quis
1432 1934 1588 1991 enim
1618 1954 1819 2011 parum
1854 1943 1942 1992 est

251 2025 454 2075 contra
507 2024 753 2073 mortem
815 2022 916 2072 aut
971 2014 1229 2071 dolorem
1286 2015 1551 2091 paratus?
1634 2014 1942 2072 Ordiamur

253 2098 326 2155 ab
372 2116 458 2167 e0,
495 2097 544 2153 si
585 2097 790 2173 placet,
828 2113 998 2172 quem
1048 2093 1300 2164 mollem,
1339 2113 1510 2170 quem
1554 2093 1939 2171 voluptarium

253 2176 516 2235 dicimuS.

336 2257 529 2327 Quid?
579 2257 629 2313 is
668 2255 778 2314 tibi
819 2261 1142 2312 mortemne
1185 2254 1411 2311 videtur
1455 2273 1526 2310 an
1571 2254 1829 2312 dolorem
1874 2255 1943 2312 ti-

255 2358 425 2408 mere,
458 2338 557 2414 qui
595 2356 726 2394 eum
762 2336 931 2406 diem,
967 2354 1082 2412 quo
1115 2334 1374 2405 moritur,
1406 2333 1639 2391 beatum
1673 2335 1940 2412 appellat,

255 2418 632 2494 maximisque
653 2415 948 2473 doloribus
975 2414 1239 2472 adfectus
1267 2433 1365 2471 eos
1394 2414 1549 2491 ipsos
1577 2415 1940 2472 inventorum

255 2517 489 2555 suorum
523 2496 800 2554 memoria
832 2502 890 2553 et
924 2495 1318 2553 recordatione
1352 2494 1633 2564 confutat,
1664 2513 1769 2551 nec
1804 2494 1943 2551 haee

255 2579 339 2635 sic
372 2577 509 2653 agit,
534 2584 601 2633 ut
629 2596 698 2633 ex
726 2583 987 2653 tempore
1021 2575 1185 2652 quasi
1218 2574 1445 2631 effutire
1475 2575 1771 2631 videatur?
1852 2574 1944 2631 De

257 2664 443 2715 morte
472 2657 625 2713 enim
654 2657 737 2713 ita
765 2656 954 2726 sentit,
981 2662 1045 2713 ut
1073 2655 1355 2712 dissoluto
1390 2655 1678 2711 animante
1713 2673 1942 2711 sensum

257 2738 605 2795 exstinctum
640 2743 822 2813 putet,
849 2737 1006 2813 quod
1039 2743 1231 2793 autem
1266 2754 1434 2792 sensu
1469 2742 1671 2804 careat,
1698 2734 1841 2790 nihil
1871 2734 1946 2791 ad

259 2838 366 2875 nos
392 2817 453 2875 id
475 2817 692 2875 iudicet
711 2818 1010 2895 pertinere.
1097 2816 1245 2873 Item
1276 2815 1349 2872 de
1371 2815 1569 2872 dolore
1596 2820 1751 2871 certa
1770 2813 1947 2871 habet

261 2917 407 2975 quae
441 2905 725 2975 sequatur,
751 2897 912 2954 cuius
941 2896 1401 2971 magnitudinem
1434 2895 1713 2953 brevitate
1746 2912 1946 2951 conso-

261 2978 425 3048 latur,
453 2976 932 3054 longinquitatem
968 2976 1217 3033 levitate.
1306 2980 1397 3031 89.
1436 2974 1549 3043 Qui
1578 2975 1812 3033 tandem
1848 2974 1946 3031 isti

259 3057 626 3134 grandiloqui
668 3063 869 3113 contra
900 3055 1039 3113 haec
1077 3055 1213 3125 duo,
1246 3074 1390 3131 quae
1422 3055 1671 3112 maxime
1704 3060 1943 3131 angunt,

260 3136 466 3195 melius
495 3156 554 3193 se
581 3135 800 3193 habent
828 3154 998 3213 quam
1029 3135 1344 3212 Epicurus?
1380 3153 1450 3191 an
1480 3135 1553 3192 ad
1576 3142 1779 3204 cetera,
1801 3153 1947 3211 quae

262 3216 413 3273 mala
439 3224 732 3293 putantur,
755 3235 871 3275 non
901 3223 958 3271 et
983 3215 1265 3293 Epicurus
1293 3221 1351 3269 et
1380 3213 1583 3291 reliqui
1614 3213 1946 3290 philosophi
