2235 3581
707 156 848 206 LIB.
883 156 974 217 V.,
1005 157 1163 206 CAl'.
1200 157 1568 208 XVIII.-XX.
1890 162 1987 211 167

299 259 578 317 clarorum
614 260 865 316 virorum
899 260 1040 331 totis
1073 259 1372 318 aet-atibus
1458 260 1683 319 Laelius
1716 263 1765 319 si
1798 262 1986 340 digito

300 359 470 418 quem
504 340 806 415 attigisset,
837 357 1051 416 poenas
1084 340 1369 398 dedisset:
1414 347 1474 397 at
1508 341 1695 398 Cinna
1734 343 1987 420 collegae

298 421 403 492 sui,
450 419 698 477 consulis
747 421 852 476 Cn.
890 421 1090 477 Octav.
1099 421 1135 487 i,
1174 421 1427 496 praecidi
1476 430 1649 498 eaput
1697 422 1878 495 iussit,
1878 395 1981 480 P.

299 500 502 569 Crassi,
540 499 601 557 L.
639 500 911 568 Caesarie,
948 499 1437 557 nobilissimorum
1482 501 1802 569 hominum,
1850 522 1987 579 quo-

297 600 424 637 rum
459 581 636 636 virtus
669 580 858 636 fuerat
891 544 1050 636 domi
1090 580 1442 657 militiaeque
1477 583 1725 657 cognita,
1758 582 1835 640 M.
1870 583 1987 639 An-

297 661 461 731 tonii,
487 661 748 716 omnium
783 659 1235 736 eloquentissimi
1274 679 1417 736 quos
1452 679 1559 736 ego
1594 662 1891 731 audierim,
1917 663 1981 721 C.

297 741 570 811 CaesariS,
595 741 656 796 in
687 759 801 816 quo
829 739 973 796 mihi
1005 740 1233 797 videtur
1266 740 1552 816 specimen
1582 741 1761 799 fuisse
1788 742 1987 799 huma-

297 821 510 892 nitatis,
536 820 683 890 saliS,
709 819 1022 890 suavitatis,
1050 820 1274 896 leporiS.
1359 819 1649 878 Beatusne
1679 822 1857 899 igitur
1886 823 1985 900 qui

295 900 404 958 hos
444 900 768 958 interfecit?
850 899 996 956 Mihi
1035 907 1237 957 contra
1277 920 1395 958 non
1438 900 1624 958 solum
1658 922 1726 960 eo
1760 903 1987 960 videtur

296 981 484 1052 miser,
510 980 668 1057 quod
701 999 768 1037 ea
794 980 952 1051 fecit,
979 979 1079 1036 sed
1108 980 1279 1037 etiam
1319 981 1476 1058 quod
1504 981 1587 1038 ita
1614 1001 1673 1040 se
1700 983 1895 1058 gessit,
1924 991 1987 1041 ut

295 1081 363 1118 ea
395 1061 582 1118 facere
625 1060 677 1118 ei
719 1055 929 1117 liceret.
1015 1059 1143 1117 Etsi
1176 1079 1411 1152 peccare
1452 1062 1671 1119 nemini
1703 1061 1853 1134 licet,
1886 1063 1985 1121 sed

295 1141 575 1198 sermonis
624 1160 810 1198 errore
851 1139 1112 1198 labimur.
1199 1140 1270 1197 Id
1311 1141 1466 1198 enim
1511 1142 1677 1200 licere
1721 1108 1982 1213 dioiinus,

296 1221 456 1298 quod
482 1221 686 1298 cuique
721 1219 1069 1278 conceditur.
1159 1225 1251 1277 56.
1288 1220 1506 1279 Utrum
1532 1223 1775 1280 tandem
1808 1223 1986 1280 beati-

295 1321 362 1358 or
395 1300 458 1358 C.
484 1301 698 1358 Marius
730 1307 874 1371 tum,
907 1319 1034 1356 cum
1073 1299 1394 1378 Cimbricae
1429 1302 1699 1359 victoriae
1740 1303 1983 1379 gloriam

294 1401 427 1438 cum
457 1381 676 1457 collega
701 1345 910 1437 Catulo
945 1381 1409 1452 communicavit,
1433 1401 1614 1458 paene
1642 1381 1821 1440 altero
1851 1382 1986 1441 Lae-

295 1461 590 1518 lio—nam
623 1460 776 1517 hunc
809 1460 893 1516 illi
927 1460 1076 1517 duco
1111 1425 1625 1518 simillimtim—an
1664 1482 1795 1520 cum
1832 1464 1983 1520 civili

292 1541 445 1599 bello
486 1542 670 1598 victor
720 1541 894 1597 iratus
939 1541 1269 1598 necessariis
1312 1540 1504 1598 Catuli
1547 1542 1985 1620 deprecantibus

294 1641 412 1678 non
455 1621 629 1678 semel
663 1621 977 1697 respondit,
1011 1621 1112 1678 sed
1150 1639 1350 1697 saepe:
1398 1621 1750 1678 “Moriatur
1767 1623 1829 1680 ?''
1915 1623 1982 1680 In

294 1721 409 1778 quo
443 1700 666 1758 beatior
697 1701 810 1771 ille,
843 1701 942 1778 qui
976 1699 1109 1758 huic
1145 1701 1396 1759 nefariae
1424 1703 1551 1759 voci
1586 1702 1777 1778 paruit
1811 1723 1982 1780 quam

294 1783 358 1854 is,
386 1782 483 1859 qui
518 1789 635 1839 tam
671 1781 939 1843 scelerate
973 1781 1291 1859 imperavit.
1378 1781 1528 1839 Nam
1564 1803 1695 1840 cum
1729 1785 1983 1862 accipere

294 1883 465 1939 quam
501 1863 688 1919 facere
722 1870 974 1939 praestat
1017 1862 1287 1920 iniuriam
1329 1870 1455 1921 tum
1498 1864 1673 1921 morti
1714 1864 1828 1921 iam
1872 1865 1983 1941 ipsi

293 1943 628 2000 adventanti
669 1942 925 2019 paullum
968 1942 1275 2019 procedere
1319 1943 1395 2000 ob
1437 1944 1606 2014 viam,
1644 1945 1815 2021 quod·
1842 1944 1983 2002 fecit

295 2023 550 2094 Catnhm,
589 2042 759 2100 quam
811 2022 968 2099 quod
1010 2022 1241 2094 MariuS,
1278 2023 1410 2080 talis
1450 2024 1558 2080 viri
1602 2024 1837 2081 interitu
1885 2045 1981 2081 sex

295 2123 428 2160 suos
478 2103 716 2160 obruere
759 2102 1087 2160 consulatus
1130 2110 1188 2160 et
1230 2104 1619 2161 contaminare
1663 2111 1981 2162 extremum

293 2190 524 2260 tempus
551 2182 771 2240 aetatis

374 2263 510 2320 XX.
599 2263 690 2320 57.
734 2261 1326 2339 Duodequadraginta
1359 2282 1541 2319 annos
1574 2271 1851 2340 tyrannus
1880 2263 1983 2340 Sy-

292 2362 696 2401 racusanorum
731 2342 846 2399 fuit
872 2342 1209 2419 DionysiuS‚
1236 2362 1365 2399 cum
1402 2343 1654 2420 quinque
1689 2350 1746 2401 et
1774 2344 1981 2420 viginti

291 2430 462 2481 natus
490 2442 670 2480 annos
699 2422 1062 2479 dominatum
1093 2424 1501 2499 occupavisset.
1587 2422 1715 2492 Qua
1734 2423 1982 2501 pulchri-

291 2504 494 2561 tudine
523 2502 740 2573 urbem,
766 2502 974 2579 quibus
1002 2510 1194 2559 autem
1226 2502 1433 2580 opibus
1461 2503 1778 2580 praeditam
1814 2505 1982 2561 servi-

290 2591 417 2641 tute
447 2601 776 2659 oppressam
806 2582 994 2639 tenuit
1027 2583 1352 2640 civitatem!
1435 2584 1620 2661 Atqui
1650 2584 1721 2641 de
1742 2584 1853 2641 hoc
1882 2583 1982 2641 ho—

290 2664 448 2722 mine
497 2682 532 2719 a
577 2662 746 2719 bonis
799 2662 1129 2720 auctoribus
1178 2663 1258 2719 sie
1307 2663 1583 2740 seriptum
1638 2665 1977 2741 accepimUS,

291 2762 577 2800 summam
605 2742 783 2799 fuisse
813 2742 933 2799 eius
960 2742 1020 2798 in
1051 2744 1206 2800 victu
1234 2745 1674 2820 temperantiam
1703 2744 1763 2801 in
1793 2744 1981 2802 rebus-

291 2842 404 2899 que
445 2822 716 2899 gerundis
754 2819 938 2879 virum
982 2842 1168 2880 aciem
1213 2830 1271 2879 et
1310 2823 1675 2895 industrium,
1712 2825 1979 2882 eumdem

225 2909 234 2915 '
289 2911 486 2959 tamen
518 2901 840 2959 maleficum
875 2909 1080 2959 natura
1112 2909 1170 2959 et
1203 2903 1499 2961 iniustum.
1585 2904 1672 2959 Ex
1708 2923 1822 2980 quo
1862 2923 1981 2960 om-

289 2980 464 3039 nibus
495 2980 641 3039 bene
677 2981 971 3039 veritatem
1008 2976 1369 3039 intuentibus
1401 2983 1583 3040 videri
1624 3002 1851 3041 necesse
1893 2990 1980 3041 est

289 3062 693 3119 miserrimum.
778 3060 865 3117 Ea
908 3061 1058 3118 enim
1108 3062 1247 3139 ipsa,
1294 3082 1437 3139 quae
1487 3063 1870 3139 concupierat,
1907 3082 1979 3119 ne

288 3148 415 3199 tum
461 3142 712 3219 quidem,
749 3160 879 3197 cum
923 3142 1121 3198 omnia
1164 3161 1222 3199 88
1262 3161 1427 3217 posse
1470 3142 1751 3209 censebat,
1788 3161 1981 3199 conse-

291 3220 588 3312 q‘uebatur.
676 3226 768 3277 58.
815 3219 929 3289 Qui
970 3240 1100 3277 cum
1146 3229 1293 3279 esset
1326 3221 1493 3278 bonis
1526 3221 1857 3297 parentibus
1900 3229 1980 3279 at-
