2235 3581
771 178 906 227 LIB.
941 177 1066 238 111„
1099 177 1256 227 CAP.
1292 177 1553 230 VIlL-X.
1946 180 2010 228 87

319 287 514 339 autem
545 280 608 338 id
635 279 1006 357 concupierit,
1032 299 1163 336 eum
1193 299 1423 337 necess3
1452 286 1555 351 est,
1577 279 1625 336 si
1654 279 1717 336 id
1744 297 2011 337 consecu-

317 370 414 419 tus
455 361 546 433 sit,
578 379 792 437 magno
836 379 1008 436 opere
1049 359 1263 417 laetari.
1350 359 1439 415 Ex
1474 379 1589 436 quo
1623 358 1690 416 fit
1722 366 1789 417 ut
1822 358 2008 417 alieno

317 442 471 499 malo
499 440 762 518 gaudeat.
837 439 1009 508 Quod
1045 440 1317 516 quoniam
1353 459 1471 496 non
1506 439 1662 496 cadit
1695 439 1755 495 in
1790 439 2011 516 sapien-

317 531 454 615 tem,
475 542 547 579 ne
579 527 642 578 ut
671 521 946 578 irascatur
975 520 1207 596 quidem
1239 520 1408 577 cadit.
1495 519 1596 576 Sin
1627 526 1821 577 autem
1850 519 2010 576 cadc-

317 610 406 661 ret
433 603 492 659 in
523 602 841 678 sapientem
882 600 1202 676 aegritudO,
1234 600 1463 658 caderet
1492 600 1667 657 etiam
1698 599 2004 658 iracundia.

317 684 447 751 Qua
475 682 747 760 quoniam
777 687 956 750 vacat,
989 680 1348 756 aegritudine
1383 681 1557 738 etiam
1588 677 1825 740 vacabit
1912 686 2005 738 20.

317 763 550 820 Etenim
587 762 634 818 si
669 761 894 838 sapiens
937 760 998 816 in
1040 760 1461 836 aegritudinem
1504 759 1753 817 incidere
1795 767 2006 836 posset,

317 850 514 921 posset
557 842 730 899 etiam
776 841 837 897 in
889 840 1355 911 misericordiam,
1405 849 1599 917 posset
1647 841 1709 897 in
1753 841 2012 897 inviden-

316 925 476 980 tiam.
562 921 697 978 Non
726 921 895 978 dixi
881 941 941 977 1n
976 919 1273 991 invidiam,
1296 939 1441 997 quae
1476 927 1601 976 tum
1632 927 1733 992 est,
1766 940 1898 978 cum
1927 921 2011 977 in-

318 1003 576 1060 videtur:
629 1001 700 1058 ab
744 1001 1057 1058 invidendo
1101 1007 1296 1057 autem
1338 999 1659 1058 invidentia
1700 1009 1852 1058 recte
1894 1001 2008 1058 dici

316 1089 526 1160 potest,
572 1089 638 1139 ut
686 1082 1032 1158 effugiamus
1081 1079 1420 1157 ambiguum
1476 1099 1688 1138 nomen
1740 1081 2005 1153 invidiae,

318 1163 476 1240 quod
503 1162 740 1220 verbum
770 1161 1009 1218 ductum
1039 1168 1126 1219 est
1147 1181 1183 1218 a
1201 1161 1375 1218 nimis
1404 1161 1685 1218 intuendo
1714 1161 2007 1220 fortunam

317 1243 568 1312 alterius»,
596 1250 660 1300 ut
689 1249 777 1299 est
804 1243 864 1299 in
895 1241 1229 1318 Melanippo

606 1363 730 1424 Quis
753 1378 854 1412 non
875 1362 968 1410 fl01
970 1378 1050 1411 em
1073 1363 1283 1411 liberum
1307 1361 1485 1410 invidit
1510 1377 1676 1410 meum
1692 1363 1715 1410 ἶ)

318 1481 468 1539 Male
502 1480 704 1538 Latine
741 1479 982 1552 videtur,
1016 1480 1119 1538 sed
1152 1458 1436 1557 praeclare
1466 1478 1714 1536 Accius:
1758 1484 1825 1535 ut
1854 1479 2009 1534 enim

318 1563 518 1633 videre,
552 1561 632 1618 sic
665 1561 917 1617 invidere
943 1560 1154 1636 florem
1188 1561 1399 1618 rectius
1434 1579 1605 1637 quam
1635 1557 1798 1634 flori.
1886 1556 2009 1616 Nos

316 1641 732 1700 consuetudine
762 1640 1169 1718 prohibemur.
1215 1647 1393 1718 poet-a
1419 1639 1508 1696 ius
1537 1658 1707 1696 suum
1734 1637 1923 1696 tenuit
1951 1646 2011 1696 et

317 1721 468 1779 dixit
499 1721 786 1778 audacius·
873 1721 947 1778 X.
1023 1726 1116 1778 21.
1155 1716 1329 1778 Cadit
1356 1720 1535 1799 igitur
1562 1719 1623 1776 in
1652 1718 1923 1777 eumdem
1950 1726 2009 1776 et

317 1803 572 1861 misereri
601 1809 660 1859 et
691 1801 961 1859 invidere.
1049 1801 1201 1858 Nam
1238 1802 1338 1879 qui
1372 1801 1530 1859 dolet
1563 1801 1734 1859 rebus
1767 1800 2009 1858 alicuius

316 1882 584 1953 adversiS‚
605 1882 761 1939 idem
785 1881 1022 1939 alicuius
1045 1882 1220 1938 etiam
1250 1882 1513 1939 secundis
1542 1881 1716 1953 dolet,
1736 1888 1803 1939 ut
1824 1880 2010 1939 Theo—

317 1963 584 2040 phrastus
625 1962 924 2019 interitum
967 1961 1271 2039 deplorans
1300 1960 1637 2019 Callistheni
1672 1962 1885 2019 sodalis
1920 1962 2007 2018 sui

317 2043 486 2101 rebus
511 2042 822 2100 Alexandri
849 2042 1139 2119 prosperis
1166 2042 1413 2120 angitur,
1434 2042 1627 2119 itaque
1651 2042 1794 2100 dicit
1812 2041 2009 2099 Callis-

315 2124 550 2181 thenem
579 2122 848 2179 incidisse
882 2122 943 2178 in
976 2121 1275 2179 hominem
1310 2142 1535 2179 summa
1566 2122 1831 2199 potentia
1859 2142 2009 2179 sum-

317 2222 524 2280 maque
557 2201 936 2273 fortuna,.sed
963 2201 1232 2278 ignarum
1262 2222 1433 2279 quem
1462 2202 1536 2259 ad
1564 2202 1803 2259 modum
1838 2202 2007 2259 rebus

317 2284 582 2340 secundis
610 2282 696 2339 uti
719 2282 1062 2339 conveniret.
1135 2282 1322 2359 Atqui
1346 2301 1517 2359 quem
1540 2281 1614 2338 ad
1642 2282 1880 2339 modum
1905 2284 2009 2339 mi-

317 2362 624 2421 sericordia
652 2360 955 2438 aegritudo
977 2368 1064 2419 est
1085 2382 1155 2419 ex
1178 2362 1411 2419 alterius
1439 2360 1607 2419 rebus
1636 2362 1903 2434 adversis,
1926 2363 2006 2420 sic

316 2442 638 2500 invidentia
671 2441 972 2519 aegritudo
1015 2449 1102 2499 est
1142 2462 1211 2499 ex
1244 2442 1477 2499 alterius
1520 2440 1689 2499 rebus
1723 2442 2002 2500 secundis,

317 2520 388 2579 In
419 2542 590 2600 quem
620 2523 800 2599 igitur
833 2521 988 2579 cadit
1020 2522 1293 2594 misereri,
1325 2523 1385 2579 in
1422 2521 1690 2579 eumdem
1720 2523 1895 2580 etiam
1924 2524 2009 2580 in-

319 2603 523 2660 videre.
597 2602 654 2659 N
657 2622 732 2659 on
755 2601 910 2659 cadit
933 2608 1127 2659 autem
1148 2602 1441 2660 invidere
1426 2621 1487 2659 1n
1511 2602 1847 2680 sapientem,
1869 2622 2007 2681 ergo

316 2702 390 2739 ne
418 2682 674 2740 misereri
704 2681 956 2774 quidem.
1030 2681 1203 2749 Quod
1224 2683 1272 2739 si
1301 2702 1467 2759 aegre
1494 2682 1644 2740 ferre
1674 2683 1900 2776 sapiens
1922 2703 2009 2741 so-

317 2761 476 2834 leret,
508 2762 764 2820 misereri
797 2761 974 2819 etiam
1007 2761 1230 2820 soleret.
1303 2762 1488 2820 Abest
1522 2782 1659 2839 ergo
1687 2782 1723 2819 a
1750 2764 2007 2839 sapiente

317 2807 640 2919 aegritudo,

347 2967 358 2973 .
399 2928 492 2979 22.
539 2922 700 2980 Haec
736 2922 817 2979 sic
853 2920 1127 2979 dicuntur
1159 2942 1195 2979 a
1227 2921 1437 2980 Stoicis
1471 2920 2007 2999 concludunturque

315 3002 654 3059 contortius,
727 3001 842 3059 Sed
869 3001 1041 3058 latius
1069 3001 1367 3079 aliquanto
1391 3002 1634 3059 dicenda
1662 3008 1797 3058 sunt
1819 3009 1876 3058 et
1899 3001 2008 3057 dif-

314 3082 518 3153 fusiuS,
541 3082 842 3139 sententiis
863 3087 1057 3137 tamen
1080 3082 1362 3139 utendum
1390 3101 1588 3138 eorum
1617 3080 2003 3157 potissimum,

315 3162 416 3238 qui
449 3162 700 3218 maxime
732 3160 876 3217 forti
909 3168 983 3231 et,
1014 3167 1081 3217 ut
1113 3161 1197 3218 ita
1230 3161 1435 3231 dicam,
1467 3160 1616 3216 virili
1650 3164 1895 3215 utuntur
1925 3177 2008 3213 ra-

313 3241 476 3298 tione
505 3247 678 3318 atque
708 3239 1007 3297 sententia.
1096 3240 1244 3295 Nam
1283 3238 1666 3314 Peripatetici,
1697 3235 2007 3293 familiares
