2235 3581
760 173 899 222 LIB.
941 173 1060 234 1V.‚
1093 171 1251 221 CAP.
1288 171 1548 222 VII.-IX.
1908 179 1999 224 121

314 275 642 333 sollicitudo
671 274 974 352 aegritudo
997 293 1131 330 cum
1150 273 1519 350 cogitatione,
1542 275 1798 330 molestia
1826 277 2003 352 aegri-

314 356 459 414 tudo
483 375 841 433 permanenS,
867 353 1189 428 adflictatio
1218 353 1517 429 aegritudo
1547 374 1676 411 cum
1702 356 2001 424 vexatione

315 436 586 514 corporiS‚
608 435 919 508 desperatio
942 434 1243 511 aegritudo
1274 435 1394 491 sine
1423 434 1539 492 ulla
1565 455 1753 492 rerum
1778 455 2003 513 exspec-

313 518 535 574 tatione
583 515 906 572 meliorum.
986 515 1145 582 Quae
1188 522 1379 572 autem
1424 514 1679 572 subiecta
1720 523 1855 572 sunt
1896 516 1999 572 sub

313 605 543 666 metum,
581 615 649 652 ea
690 595 771 652 sic
817 593 1135 652 definiunt:
1184 594 1493 669 piqritiam
1537 601 1758 652 metum
1809 614 2003 654 conse—

315 677 544 753 quentis
576 675 802 733 laboris,
850 719 863 732 .
910 719 923 732 .
971 720 983 732 .
1062 681 1153 732 19.
1184 683 1445 731 terrorem
1484 682 1705 732 metum
1749 677 2001 733 concuti-

313 764 521 827 entem,
545 776 614 813 ex
644 775 759 834 quo
787 755 854 813 fit
883 762 948 813 ut
981 754 1263 831 pudorem
1298 754 1489 826 rubor,
1510 761 1783 813 terrorem
1818 756 2003 832 pallor

312 843 372 892 ct
404 843 621 893 tremor
648 844 707 893 et
742 836 1004 894 dentium
1041 835 1293 912 crepitus
1322 842 1717 913 consequatur,
1746 836 1999 892 timorem

309 923 534 973 metum
563 916 702 973 mali
735 916 1273 993 appropinquantiS‚
1291 933 1563 988 pavorem
1597 923 1816 972 metum
1846 935 2001 973 men-

309 1003 429 1054 tem
462 996 588 1054 loco
617 1004 964 1067 moventem,
987 1016 1056 1053 ex
1081 1016 1197 1074 quo
1225 995 1369 1053 illud
1398 994 1605 1053 Ennii:

357 1118 493 1166 Tum
517 1133 670 1181 pavor
691 1118 990 1181 sapientiam
1017 1133 1218 1167 ornnem
1241 1118 1310 1166 mi
1336 1118 1624 1166 exanimato
1647 1126 1951 1180 expectorat,

311 1235 782 1292 exanimationem
811 1242 1032 1292 metum
1069 1235 1510 1312 subsequentem
1548 1242 1607 1291 et
1637 1235 1796 1310 quasi
1827 1236 2001 1292 coini-

308 1322 440 1380 tem,
458 1316 703 1392 pavoris,
735 1316 1216 1372 conturbationem
1244 1322 1464 1372 metum
1497 1315 1879 1372 excutientem
1910 1335 1997 1373 co-

307 1395 507 1472 gitata,
517 1395 896 1469 formidinem
923 1404 1145 1452 metum
1175 1403 1624 1473 permanentem.

390 1474 497 1532 IX.
585 1481 678 1533 20.
712 1475 1046 1552 Voluptatis
1088 1484 1281 1533 autem
1316 1483 1507 1552 partes
1541 1475 1651 1532 hoc
1685 1474 1861 1532 modo
1906 1475 1999 1532 de-

257 1597 261 1601 .
309 1554 582 1625 scribunt,
604 1563 671 1612 ut
697 1557 1090 1612 malevolentia
1113 1557 1190 1613 sit
1212 1557 1476 1632 voluptas
1498 1575 1567 1612 ex
1590 1555 1743 1612 malo
1766 1555 1998 1613 alterius

309 1636 432 1692 sine
475 1635 866 1693 emolumento
917 1655 1038 1706 suc,
1079 1637 1369 1692 delectatio
1410 1635 1675 1713 voluptas
1718 1636 1996 1694 suavitate

309 1714 540 1772 auditus
569 1716 826 1772 animum
849 1715 1157 1787 delenienS,
1180 1723 1238 1773 et
1261 1715 1443 1794 qualis
1472 1724 1558 1773 est
1586 1716 1725 1774 haec
1753 1717 1993 1788 aurium,

307 1795 451 1853 tales
479 1804 614 1855 sunt
643 1796 938 1854 oculorum
975 1804 1034 1854 et
1065 1798 1385 1855 tactionum
1415 1804 1473 1855 et
1502 1797 1907 1855 odorationum
1938 1807 1997 1857 et

307 1896 597 1953 saporum,
619 1896 763 1953 quae
793 1884 927 1934 sunt
961 1896 1161 1934 omnes
1196 1878 1365 1934 unius
1396 1879 1638 1955 generiS,
1660 1878 1733 1935 ad
1767 1879 1997 1955 perfun-

310 1956 565 2013 dendum
599 1958 857 2014 animum
900 1964 1199 2034 tamquam
1234 1958 1618 2035 illiquefactae
1651 1958 1991 2035 voluptates,

308 2036 558 2093 Iactatio
593 2044 681 2095 est
709 2038 974 2114 voluptas
1006 2039 1259 2113 gestiens
1292 2046 1351 2095 et
1384 2058 1443 2095 se
1478 2039 1719 2095 efferens
1752 2038 1996 2096 insolen-

307 2116 440 2173 tius,
528 2123 622 2175 21.
660 2116 820 2185 Quae
854 2124 1044 2174 autem
1079 2117 1309 2174 libidini
1344 2118 1599 2175 subiecta
1633 2126 1881 2189 sunt‚-ea
1914 2120 1995 2176 sic

309 2195 610 2268 definiunt,
631 2204 698 2254 ut
729 2198 822 2253 ira
857 2198 932 2254 sit
964 2197 1145 2254 libido
1180 2198 1492 2275 poeniendi
1526 2199 1663 2269 eius,
1687 2200 1785 2275 qui
1808 2199 1996 2273 yidea-

306 2283 404 2333 tur
436 2276 662 2335 laesisse
697 2278 920 2349 iniuria,
951 2279 1397 2334 eoecandescentia
1439 2285 1631 2334 autem
1676 2280 1751 2334 sit
1782 2278 1868 2334 ira
1899 2299 1993 2335 na-

309 2376 471 2413 scens
493 2364 550 2415 et
571 2358 748 2415 modo
777 2358 1069 2428 exsistenS,
1092 2378 1236 2435 quae
1259 2355 1507 2433 ὃύμωσις
1529 2358 1743 2415 Graece
1766 2358 1991 2431 dicitur,

308 2436 504 2492 odium
527 2437 612 2493 ira
638 2438 967 2509 inveterata,
989 2438 1297 2494 inimicitia
1326 2439 1410 2495 ira
1431 2438 1740 2495 ulciscendi
1764 2445 1995 2517 tempus

309 2515 630 2588 observanS,
667 2519 952 2574 discordia
998 2518 1080 2574 ira
1126 2518 1397 2589 acerbior,
1438 2518 1649 2575 intimo
1685 2518 1713 2593 †
1748 2520 1885 2576 odio
1936 2528 1995 2577 ct

308 2595 480 2655 corde
509 2606 804 2674 concepta,
821 2598 1137 2671 indiyentia
1172 2597 1352 2656 libido
1387 2598 1765 2676 inexplebiliS,
1791 2600 1997 2657 deside-

285 2675 464 2731 rium
493 2676 675 2735 libido
705 2678 843 2749 eiuS,
865 2680 964 2755 qui
983 2678 1242 2735 nondum
1267 2680 1433 2749 adsit,
1453 2680 1702 2737 videndi.
1776 2680 1995 2738 Distin-

306 2764 496 2832 guunt
527 2757 670 2815 illud
714 2758 906 2829 etiam,
931 2764 997 2815 ut
1038 2758 1220 2815 libido
1264 2760 1341 2816 sit
1382 2779 1576 2816 earum
1619 2780 1825 2831 rerum,
1852 2781 1996 2839 quac

307 2836 578 2893 dicuntur
611 2838 682 2895 de
718 2837 967 2915 quodam
1003 2845 1103 2895 aut
1139 2839 1499 2915 quibusdam,
1523 2859 1667 2917 quae
1703 2845 1997 2915 κατηγορή-

305 2940 458 2993 ματα
491 2917 778 2975 dialectici
819 2918 1127 2995 appellant,
1158 2926 1224 2976 ut
1264 2919 1475 2977 habere
1516 2920 1762 2991 divitias
1796 2941 1995 2997 capere

306 2997 586 3054 honores:
631 2997 954 3074 indigentia
981 3018 1171 3055 rerum
1195 3000 1447 3075 ipsarum
1472 3007 1573 3070 est,
1596 3008 1661 3056 ut
1689 3000 1992 3070 honorum,

305 3084 372 3133 ut
420 3078 712 3154 pecuniae.
801 3084 892 3134 22.
931 3078 1212 3135 Omnium
1258 3087 1451 3135 autem
1495 3078 1994 3155 perturbationum

305 3157 535 3215 fontem
570 3176 691 3215 esse
724 3158 927 3214 dicunt
960 3158 1474 3232 intemperantiam,
1508 3176 1651 3233 quae
1686 3162 1773 3211 est
1804 3174 1839 3211 a
1871 3163 1995 3213 tota

300 3243 501 3296 vmente
535 3244 594 3295 et
628 3256 663 3295 a
694 3244 848 3295 recta
879 3237 1102 3296 ratione
1137 3238 1389 3296 defectio
1433 3238 1513 3293 sic
1548 3253 1741 3291 aversa
1772 3252 1807 3291 a
1837 3254 1994 3308 prae-
