2235 3581
687 165 825 214 LIB.
865 165 934 226 1.‚
965 164 1122 215 CAP.
1155 163 1600 212 XXIV.-—XXVI.
1921 165 1986 212 27

299 269 608 345 dissipatos
640 266 906 324 homines
940 265 1312 342 congregavit
1345 271 1404 322 et
1437 265 1512 322 ad
1545 264 1880 321 societatem
1908 265 1987 321 vi·

299 357 393 406 tae
420 347 772 417 convocavit,
804 354 905 404 aut
934 347 1033 423 qui
1062 365 1237 402 sonos
1266 346 1437 415 vocis,
1463 345 1564 422 qui
1592 343 1806 401 infiniti
1835 344 1987 402 vide-

298 429 526 498 bantur,
567 427 763 503 paucis
804 427 1126 484 litterarum
1166 425 1321 482 notis
1361 424 1707 495 terminavit,
1745 431 1846 481 aut
1888 425 1988 501 qui

300 508 614 566 errantium
678 506 970 564 stellarum
1026 524 1240 576 cursuS,
1296 505 1769 582 praegressioneS,
1828 504 1989 561 insti-

298 589 490 646 tiones
544 587 810 644 notavit?
876 584 1095 643 Omnes
1149 585 1364 661 magni,
1417 583 1592 642 etiam
1649 584 1985 660 superiores

302 669 403 746 qui
448 669 661 743 frugeS,
699 666 798 743 qui
832 665 1126 735 vestitum,
1165 665 1264 742 qui
1307 670 1475 735 tecta,
1515 664 1614 740 qui
1655 663 1876 721 cultum
1910 664 1988 720 vi·

302 754 411 819 tae,
445 747 545 824 qui
572 746 857 824 praesidia
888 752 1089 802 contra
1121 745 1272 802 feras
1300 745 1674 801 invenerunt:
1717 763 1752 800 a
1781 743 1989 821 quibus

302 826 681 885 mansuefacti
714 833 773 883 et
806 823 1018 883 exculti
1051 844 1085 882 a
1116 824 1446 881 necessariis
1487 823 1742 882 artificiis
1775 824 1851 880 ad
1884 822 1990 880 ele-

302 908 567 984 gantiora
620 905 980 964 defluximus.
1065 903 1218 961 Nam
1279 911 1338 962 et
1391 903 1624 961 auribus
1679 903 1988 961 oblectatio

303 1005 515 1064 magna
556 993 723 1064 parta
759 993 847 1043 est
883 986 1121 1043 inventa
1163 990 1222 1041 et
1254 991 1574 1061 temperata
1616 984 1889 1041 varietate
1931 990 1990 1040 et

304 1075 509 1126 nat-ura
548 1085 817 1124 sonorum
862 1071 921 1122 et
961 1072 1113 1122 astra
1153 1065 1513 1140 suspeximus
1555 1082 1688 1120 cum
1729 1083 1812 1135 ea,
1845 1082 1990 1140 quae

304 1154 440 1204 sunt
467 1146 645 1204 infixa
670 1146 839 1204 certis
866 1145 1022 1216 lociS,
1055 1151 1182 1201 tum
1209 1145 1308 1201 illa
1335 1163 1452 1201 non
1479 1163 1558 1215 re,
1583 1144 1684 1202 sed
1711 1143 1989 1200 vocabulo

305 1227 582 1284 errantia:
627 1245 872 1303 quorum
900 1225 1300 1282 conversiones
1328 1243 1641 1301 omnesque
1669 1231 1862 1280 motus
1891 1223 1991 1300 qui

305 1308 531 1364 animus
565 1306 729 1376 vidit,
759 1306 809 1362 is
850 1305 1050 1363 docuit
1082 1303 1330 1361 similem
1372 1304 1630 1361 animum
1672 1323 1840 1360 suum
1869 1305 1992 1360 eius

306 1407 443 1458 esse,
469 1387 569 1463 qui
596 1395 665 1443 ea
689 1385 1005 1448 fabricatus
1033 1391 1183 1442 esset
1212 1385 1270 1441 in
1293 1383 1465 1441 caelo,
1553 1389 1645 1441 63.
1683 1383 1836 1440 Nam
1858 1403 1988 1440 cum

306 1466 682 1524 Archimedes
722 1469 907 1535 lunae,
953 1464 1105 1533 soliS‚
1149 1464 1401 1540 quinque
1443 1464 1756 1521 errantium
1796 1469 1992 1520 motus

307 1547 367 1603 in
404 1546 701 1624 sphaeram
744 1545 1003 1622 illigavit,
1035 1544 1228 1601 effecit
1269 1544 1426 1600 idem
1462 1543 1619 1619 quod
1659 1542 1755 1599 ille
1798 1543 1897 1619 qui
1930 1543 1992 1598 in

307 1626 543 1684 Timaeo
574 1625 855 1684 mundum
890 1622 1212 1682 aedificavit
1245 1620 1510 1680 Platonis
1545 1623 1702 1694 deuS,
1726 1628 1793 1680 ut
1820 1621 1994 1680 tardi-

306 1713 427 1764 tate
468 1713 527 1764 et
568 1705 853 1764 celeritate
904 1702 1321 1762 dissimillimos
1369 1710 1562 1760 motus
1611 1722 1726 1760 una
1772 1708 1994 1780 regeret

308 1786 618 1849 conversio,
696 1785 870 1855 Quod
897 1786 944 1842 si
972 1785 1034 1842 in
1061 1783 1172 1842 hoc
1201 1784 1420 1842 mundo
1448 1782 1570 1842 fieri
1599 1784 1720 1842 sine
1742 1783 1852 1842 deo
1875 1802 1994 1841 non

308 1874 517 1944 potest,
550 1886 622 1925 ne
656 1868 717 1924 in
760 1865 999 1943 sphaera
1031 1866 1267 1942 quidem
1302 1865 1534 1922 cosdem
1567 1871 1762 1922 motus
1791 1863 1995 1921 Archi-

310 1948 504 2005 medes
532 1948 655 2005 sine
685 1947 882 2004 divino
912 1945 1147 2023 ingenio
1175 1945 1459 2022 potuisset
1491 1945 1721 2002 imitari.

390 2027 617 2087 XXVI.
704 2033 796 2084 64.
843 2026 990 2083 Mihi
1019 2044 1152 2082 vero
1194 2044 1267 2081 ne
1307 2025 1448 2082 haec
1491 2025 1725 2102 quidem
1767 2024 1996 2082 notiora

309 2115 368 2166 et
408 2107 717 2165 illustriora
758 2125 945 2164 carere
986 2106 1044 2161 vi
1084 2105 1282 2163 divina
1322 2105 1604 2176 videntur,
1635 2112 1702 2162 ut
1744 2124 1852 2182 ego
1894 2110 1995 2161 aut

308 2194 549 2265 poetam
569 2206 741 2265 grave
762 2186 1110 2265 plenumque
1140 2204 1367 2242 carmen
1397 2186 1516 2242 sine
1545 2185 1775 2243 caelesti
1801 2184 1994 2261 aliquo

309 2268 521 2325 mentis
548 2268 828 2325 instinctu
855 2273 1055 2342 putem
1077 2264 1320 2322 fundere
1343 2271 1443 2321 aut
1464 2264 1849 2342 eloquentiam
1873 2265 1996 2321 sine

310 2348 527 2405 maiore
549 2347 797 2424 quadam
819 2346 877 2403 vi
898 2344 1071 2402 fluere
1100 2344 1487 2402 abundantem
1519 2344 1856 2401 sonantibus
1878 2364 1996 2401 ver-

310 2428 401 2485 bis
433 2427 818 2504 uberibusque
862 2425 1178 2483 sententiis,
1281 2423 1660 2501 Philosophia
1693 2444 1844 2495 ver0,
1877 2443 1995 2490 om,-

311 2508 474 2565 nium
502 2514 687 2565 mater
713 2507 940 2570 artium,
967 2505 1107 2582 quid
1137 2511 1224 2561 est
1251 2504 1406 2561 aliud
1434 2504 1560 2575 nisi,
1593 2511 1660 2561 ut
1687 2504 1874 2575 Plato,
1899 2504 1994 2561 do-

312 2607 471 2658 num,
494 2594 561 2645 ut
589 2606 714 2665 ego,
734 2587 1032 2644 inventum
1062 2585 1339 2642 deorum?
1421 2584 1581 2641 Haec
1610 2603 1716 2641 nos
1743 2585 1992 2661 primum

312 2668 387 2725 ad
418 2667 646 2725 illorum
675 2667 911 2736 cultum,
942 2665 1152 2722 deinde
1180 2665 1254 2722 ad
1281 2665 1370 2721 ius
1396 2664 1718 2735 hominum,
1744 2665 1901 2742 quod
1929 2664 1999 2720 si-

312 2755 439 2805 tum
470 2754 557 2805 est
584 2747 643 2804 in
672 2746 898 2825 generis
926 2745 1165 2801 humani
1199 2745 1488 2815 societate,
1520 2752 1644 2801 tum
1674 2745 1750 2803 ad
1775 2744 1999 2803 modes-

312 2828 456 2885 tiam
485 2826 1061 2905 magnitudinemque
1094 2825 1275 2882 animi
1307 2824 1556 2882 erudivit
1584 2825 1897 2902 eademque
1926 2824 1998 2881 ab

313 2908 508 2965 animo
536 2915 833 2984 tamquam
862 2904 934 2962 ab
964 2904 1144 2963 oculis
1171 2904 1472 2981 caliginem
1505 2905 1761 2982 dispulit,
1785 2911 1852 2961 ut
1880 2923 2000 2961 om-

313 2989 413 3045 nia
456 3007 661 3064 supera
702 2986 905 3056 infera,
942 2985 1131 3062 prima
1173 2984 1378 3042 ultima
1423 2985 1618 3042 media
1658 2984 1994 3041 videremus·

316 3073 409 3125 65.
456 3067 699 3125 Prorsus
737 3066 878 3123 haec
920 3065 1116 3122 divina
1155 3065 1301 3122 mihi
1329 3065 1559 3123 videtur
1588 3065 1691 3137 vis,
1723 3083 1868 3141 quae
1909 3070 2001 3120 tot

315 3168 405 3205 res
432 3147 641 3205 efficiat
668 3153 728 3205 et
755 3153 959 3204 tantas
1036 3144 1194 3213 Quid
1215 3152 1302 3202 est
1329 3145 1480 3202 enim
1511 3145 1791 3203 memoria
1810 3162 1999 3201 rerum

315 3235 375 3286 et
397 3228 719 3299 verborum,
746 3226 883 3304 quid
906 3245 1079 3302 porro
1100 3226 1395 3283 inventio?
1479 3225 1751 3282 Profecto
1780 3224 1858 3296 id,
1885 3243 2000 3301 quo
