2235 3581
187 151 294 196 -108
443 149 1032 213 TUSCULANARUM
1075 147 1673 198 D1s1’U'rA'r10NUM

197 239 344 306 nem*
365 255 650 308 vetustate
691 250 837 320 tolli,
867 249 1013 306 hanc
1047 250 1167 306 vim
1199 269 1317 306 non
1358 269 1479 307 esse
1513 250 1574 306 in
1608 250 1703 306 die
1737 250 1893 327 posi-

197 337 336 402 tam,
357 329 459 388 sed
487 330 546 386 in
577 331 929 408 cogitatione
957 330 1247 387 diuturna.
1310 330 1462 387 Nam
1492 331 1538 386 si
1570 329 1766 386 eadem
1799 350 1894 387 res

198 417 285 468 est
313 416 372 467 et
399 410 554 468 idem
585 420 672 468 est
701 411 896 481 homo,
921 411 1018 488 qui
1041 418 1235 487 potest
1253 410 1569 488 quidquam
1599 410 1669 466 de
1689 410 1893 467 dolore

198 491 426 561 mutari,
447 491 496 546 si
517 510 701 568 neque
724 491 795 548 de
824 510 912 561 co,
933 497 1173 567 propter
1190 491 1351 567 quod
1378 490 1551 561 dolet,
1570 490 1887 567 quidquam

199 576 287 627 est
314 577 600 628 mutatum
631 590 818 648 neque
846 571 918 628 de
947 589 1032 640 eo,
1060 571 1159 647 qui
1188 571 1384 628 dolet&
1457 569 1757 646 Cogitatio
1783 571 1895 647 igi-

198 657 295 708 tur
321 651 594 714 diuturna
621 651 765 707 nihil
795 671 915 708 esse
937 651 998 707 in
1020 670 1080 707 re
1102 650 1240 707 mali
1262 650 1449 708 dolori
1466 650 1753 722 medetur,
1767 670 1887 708 non

200 730 326 808 ipsa
357 731 722 788 diuturnitas,

281 810 508 868 XXXI.
554 810 670 868 Hic
698 810 847 869 mihi
873 811 1145 868 adferunt
1172 811 1635 868 mediocritates:
1670 829 1816 887 quas
1839 811 1889 868 si

199 891 484 948 naturales
513 899 663 963 sunt,
686 891 827 968 quid
855 910 1002 968 opus
1035 897 1123 948 est
1156 891 1585 959 consolatione?
1634 907 1641 958 ζ
1668 890 1892 957 Natura

201 970 353 1028 enim
384 971 511 1048 ipsa
535 971 872 1030 terminabit
898 971 1173 1028 modum:
1218 971 1305 1028 sin
1336 971 1669 1048 opinabileS‚
1688 971 1891 1048 opinio

200 1057 326 1108 tota
357 1051 608 1109 tollatur.
694 1051 850 1108 Satis
881 1051 1102 1108 dictum
1138 1071 1261 1110 esse
1304 1050 1551 1109 arbitror
1582 1051 1894 1128 aegritudi-

200 1149 333 1188 nem
363 1150 483 1188 esse
513 1132 847 1208 opinionem
876 1131 1012 1189 mali
1041 1132 1379 1209 praesentiS,
1398 1132 1459 1188 in
1483 1151 1597 1209 qua
1613 1131 1893 1208 opinione

200 1210 343 1269 illud
371 1211 526 1283 insit,
553 1218 617 1268 ut
651 1212 1070 1288 aegritudinem
1104 1213 1393 1288 suscipere
1424 1218 1705 1288 oporteat.
1794 1211 1889 1268 75.

200 1290 458 1348 Additur
485 1291 558 1348 ad
586 1291 734 1349 hanc
763 1291 1157 1349 definitionem
1188 1311 1223 1348 a
1249 1292 1478 1350 Zenone
1506 1298 1678 1360 recte,
1700 1298 1764 1349 ut
1792 1291 1895 1348 illa

201 1372 401 1448 opinio
435 1373 750 1449 praesentis
790 1372 929 1429 mali
963 1373 1039 1430 sit
1072 1391 1285 1430 recens,
1368 1371 1503 1429 Hoc
1542 1378 1737 1428 autem
1770 1391 1893 1428 vei-

200 1450 339 1508 bum
375 1453 456 1509 sic
498 1453 964 1529 interpretantur,
995 1439 1062 1511 ut
1101 1471 1221 1510 non
1255 1459 1483 1510 tantum
1518 1451 1662 1509 illud
1694 1471 1895 1510 recens

200 1551 321 1590 esse
349 1532 545 1604 velint,
566 1532 723 1610 quod
750 1533 944 1610 paullo
973 1539 1106 1590 ante
1136 1533 1428 1604 acciderit,
1446 1532 1562 1604 sed,
1584 1550 1759 1609 quam
1787 1532 1891 1590 diu

199 1613 261 1669 in
295 1613 395 1669 illo
429 1614 668 1690 opinato
701 1613 857 1670 malo
891 1613 976 1670 vis
1012 1612 1293 1690 quaedam
1326 1613 1483 1684 insit,
1509 1619 1575 1670 ut
1606 1612 1798 1689 vigeat
1832 1620 1895 1670 et

199 1693 409 1750 habeat
438 1692 747 1770 quamdam
778 1692 1146 1766 viriditatem,
1170 1699 1292 1750 tam
1327 1693 1427 1750 diu
1461 1691 1781 1770 appelletur
1808 1712 1895 1750 re-

199 1793 347 1831 cenS.
426 1773 515 1832 Ut
543 1772 856 1831 Artemisia
889 1772 1003 1845 illa,
1034 1773 1280 1833 Mausoli
1308 1773 1507 1831 Cariae
1540 1773 1699 1851 regis
1725 1793 1891 1845 uxor,

201 1873 345 1931 quae
373 1852 568 1912 nobile
595 1853 738 1911 illud
767 1854 1155 1912 Halicarnassi
1182 1854 1325 1912 fecit
1353 1854 1692 1946 sepulerum,
1716 1874 1890 1931 quam

200 1935 301 1991 diu
343 1934 506 2005 vixit,
536 1934 680 1991 vixit
721 1934 781 1991 in
822 1934 1002 2007 luctu,
1043 1935 1365 2027 eodemque
1407 1935 1586 1992 etiam
1624 1935 1895 1993 confecta

199 1978 516 2073 contabuit.
585 2014 742 2072 Huic
764 2022 884 2073 erat
905 2015 1010 2072 illa
1010 2015 1226 2093 opinio
1248 2014 1461 2073 cotidie
1481 2033 1709 2073 recens:
1743 2034 1894 2093 quae

199 2102 325 2152 tum
349 2095 597 2173 denique
619 2114 736 2153 non
767 2095 1087 2173 appellatur
1107 2114 1323 2167 recenS,
1341 2115 1473 2153 cum
1493 2101 1780 2153 vetustate
1798 2115 1895 2153 ex-

199 2175 364 2233 aruit.

281 2256 342 2313 H
345 2275 443 2314 aee
464 2255 642 2333 igitur
664 2254 850 2331 officia
871 2263 1005 2314 sunt
1027 2256 1468 2327 consolantium,
1488 2255 1689 2314 tollere
1710 2256 1892 2333 aegri-

200 2330 464 2394 tudinem
481 2328 748 2411 funditus
776 2322 876 2394 aut
904 2336 1100 2394 sedare
1128 2344 1229 2393 aut
1250 2336 1548 2394 detrahere
1572 2355 1743 2413 quam
1766 2336 1892 2413 plu-

200 2416 412 2474 rimum
445 2423 545 2474 aut
579 2416 934 2494 supprimere
965 2436 1072 2474 nec
1105 2417 1229 2493 pati
1260 2436 1491 2474 manare
1524 2416 1757 2492 longius
1788 2423 1890 2473 aut

201 2498 276 2555 ad
305 2497 415 2554 alia
441 2497 752 2554 traducere.
834 2496 866 2554 7
873 2502 924 2554 6.
964 2496 1113 2554 Sunt
1143 2497 1243 2575 qui
1269 2516 1451 2554 unum
1481 2496 1732 2554 officium
1756 2515 1890 2554 con-

202 2576 440 2635 solantis
467 2583 675 2653 putent
701 2576 917 2633 malum
947 2578 1091 2635 illud
1113 2577 1355 2634 omnino
1382 2597 1501 2635 non
1522 2596 1659 2648 esse,
1676 2583 1743 2634 ut
1764 2576 1890 2634 Cle-

201 2657 365 2714 anthi
393 2656 598 2733 placet.
675 2656 824 2714 Sunt
853 2658 952 2735 qui
981 2677 1098 2715 non
1128 2677 1405 2735 magnum
1433 2657 1667 2728 malum,
1689 2664 1754 2715 ut
1782 2656 1890 2714 Pe-

202 2736 505 2814 ripatetici.
591 2736 740 2795 Sunt
775 2739 873 2814 qui
915 2737 1204 2795 abducant
1236 2757 1273 2794 a
1303 2738 1472 2795 malis
1511 2737 1585 2795 ad
1622 2737 1795 2808 bona,
1821 2743 1891 2794 ut

203 2818 502 2894 Epicurus,
587 2817 737 2874 Sunt
766 2818 865 2895 qui
893 2818 1031 2875 satis
1063 2824 1273 2895 putent
1302 2818 1602 2876 ostendere
1630 2817 1777 2875 nibil
1804 2818 1893 2874 in-

204 2898 426 2974 opinati
469 2897 757 2968 accidisse,
795 2905 861 2955 ut
893 2897 1215 2975 Cyrenaici.
1290 2897 1654 2975 Chrysippus
1694 2906 1889 2955 autem

203 2984 378 3055 caput
405 2997 526 3035 esse
554 2985 748 3035 censet
781 2978 841 3034 in
876 2977 1227 3035 consolando
1256 2977 1555 3035 detrahere
1583 2977 1740 3034 illam
1770 2979 1893 3055 opi-

203 3058 437 3115 nionem
465 3058 758 3127 maerenti,
781 3057 828 3113 si
851 3076 909 3114 se
933 3056 1121 3114 officio
1150 3058 1318 3133 fungi
1342 3064 1533 3149 putet
1540 3058 1694 3115 iusto
1716 3065 1893 3135 atque

203 3135 418 3195 debito,
505 3136 654 3194 Sunt
688 3138 861 3193 etiam
897 3136 995 3212 qui
1030 3136 1170 3193 haec
1214 3138 1409 3193 omnia
1448 3156 1659 3213 genera
1691 3157 1893 3196 conso·

203 3212 362 3272 landi
404 3216 708 3293 colligant.
753 3215 897 3273 alius
939 3216 1092 3271 enim
1138 3215 1249 3271 alio
1294 3215 1469 3273 modo
1511 3236 1647 3274 mov
1649 3224 1793 3289 etur,
1824 3225 1892 3277 ut
