2235 3581
735 179 873 228 LlB.
914 179 1012 241 IL,
1043 179 1200 229 CAP.
1234 179 1467 229 VI.-IX.
1884 186 1949 232 59

592 279 738 327 Heu!
771 279 884 341 quis
912 277 1055 326 salsis
1075 277 1309 326 fluctibus
1332 279 1539 328 mandet

589 344 679 392 Me
700 359 767 392 ex
788 344 1002 392 sublimo
1024 343 1209 392 vertice
1232 344 1379 392 saxi?

586 409 702 458 Iam
724 410 828 458 iam
850 409 1112 457 absumor:
1153 409 1355 457 conficit
1378 410 1601 459 animam

654 475 750 522 Vis
772 474 1004 534 volucria,
1027 473 1209 522 ulceris
1232 483 1415 523 aestus.

260 570 510 629 Difficile
539 571 698 627 dictu
720 570 948 627 videtur
975 589 1107 626 eum
1138 589 1253 626 non
1284 570 1345 626 in
1374 570 1527 627 malo
1559 590 1679 629 esse
1708 579 1767 629 et
1794 591 1950 650 mag-

259 671 338 709 no
363 650 612 728 quidem,
641 651 740 727 qui
769 650 852 707 ita
878 649 1124 707 clamare
1153 657 1407 726 cogatur.
1448 671 1453 676 ·

341 730 508 789 VIII.
570 736 661 787 20.
695 729 810 787 Sed
826 730 1121 787 videamus
1143 728 1492 786 Herculem'
1479 750 1685 807 ipsum,
1705 731 1802 808 qui
1821 738 1947 789 tum

259 810 457 868 dolore
486 810 875 886 frangebatur,
908 830 1036 866 cum
1075 810 1623 867 immortalitatem
1609 831 1735 888 ipsa
1760 819 1949 870 morte

261 890 583 968 quaerebat.
617 861 810 958 &Quas
839 890 932 946 hic
965 910 1131 947 voces
1159 890 1315 966 apud
1345 889 1737 967 Sophoclem
1724 912 1783 949 m
1814 891 1949 948 Tra-

259 971 469 1048 chiniis
515 970 668 1028 edit:
715 971 808 1027 cui
858 990 990 1027 cum
1039 969 1316 1026 Deianira
1360 971 1637 1047 sanguine
1672 971 1946 1030 Centauri

258 1041 502 1108 tinctam
536 1051 791 1108 tunicam
827 1050 1110 1107 induisset
1145 1049 1596 1128 inhaesissetque
1630 1072 1698 1110 ea
1724 1053 1950 1110 visceri-

259 1131 383 1203 bus,
410 1131 492 1188 ait
521 1130 650 1188 ille:

457 1235 502 1284 Ο
526 1235 684 1283 multa.
707 1235 843 1283 dictu
864 1235 1049 1295 gravia,
1074 1249 1307 1296 perpessu
1332 1249 1523 1298 aspera,

455 1301 598 1360 Quae
620 1316 823 1362 corpore
847 1301 1109 1348 exanclata
1132 1310 1283 1362 atque
1307 1301 1475 1348 animo
1496 1302 1690 1362 pertuli.

455 1367 562 1414 Nec
583 1366 706 1414 mihi
730 1366 936 1413 Iunonis
961 1375 1121 1414 terror
1143 1365 1471 1427 implacabilis

454 1432 562 1480 Nec
587 1440 784 1478 tantum
807 1431 1001 1479 invexit
1023 1431 1183 1479 tristis
1207 1431 1516 1494 Eurystheus
1541 1431 1677 1492 mali,

455 1497 714 1556 Quantum
738 1512 838 1544 una
859 1510 1030 1544 vecors
1050 1497 1207 1544 Oenei
1230 1507 1375 1558 partu
1400 1497 1549 1546 edita.
1912 1500 1944 1545 5

456 1563 598 1610 Haec
623 1577 703 1609 me
726 1562 936 1609 irretivit
957 1570 1093 1610 veste
1119 1561 1286 1609 furiali
1311 1562 1539 1622 inscium,

456 1628 600 1687 Quae
625 1627 764 1675 lateri
789 1627 1050 1674 inhaerens
1074 1642 1243 1674 morsu
1269 1628 1452 1674 lacerat
1470 1627 1659 1675 viscera

456 1693 790 1755 Urgueusque
810 1693 1026 1752 graviter
1049 1693 1341 1754 pulmonum
1366 1693 1529 1740 haurit
1552 1693 1754 1755 spiritus

456 1759 568 1807 Iam
593 1758 872 1807 decolorem
897 1759 1187 1818 sauguinem
1214 1772 1413 1806 omnem
1438 1760 1707 1811 exsorbuit.

456 1825 539 1874 Sic
559 1840 734 1886 corpus
757 1824 898 1872 clade
922 1824 1147 1871 horribili
1170 1824 1491 1887 absumptum
1513 1828 1773 1875 extabuit:
1881 1829 1943 1875 10

454 1891 479 1938 1
486 1905 570 1951 pse
593 1890 812 1950 illigatus
835 1898 973 1951 peste
997 1889 1268 1937 interemor
1290 1891 1469 1939 textili.

456 1956 567 2013 Hos
587 1971 688 2003 non
712 1955 906 2003 hostilis
929 1955 1125 2011 dextra,
1151 1970 1249 2002 non
1274 1956 1433 2003 Terra
1455 1957 1589 2005 edita

456 2021 619 2069 Moles
639 2021 926 2081 Gigantum,
949 2036 1047 2067 non
1073 2021 1339 2069 biformato
1361 2022 1547 2084 impetu

456 2089 735 2135 Centaurus
759 2087 885 2134 ictus
908 2086 1097 2149 corpori
1126 2086 1307 2134 inflixit
1330 2102 1457 2147 meo,

454 2153 571 2201 Non
597 2152 752 2215 Graia
773 2152 863 2211 vis,
889 2166 988 2213 uon
1012 2152 1224 2199 barbara
1250 2152 1674 2213 ullavimmanitas,
1882 2155 1943 2199 15

455 2219 570 2267 Non
595 2232 741 2265 saeva
764 2217 909 2266 terris
932 2232 1054 2277 gens
1075 2218 1294 2277 relegata
1321 2217 1523 2277 ultimis,

455 2284 592 2343 Quas
615 2298 882 2345 peragrans
908 2282 1129 2345 undique
1153 2298 1351 2330 omnem
1376 2284 1680 2331 ecferitatem
1706 2283 1906 2345 expuli:

456 2350 553 2397 Sed
579 2349 793 2397 feminea
809 2349 899 2408 vir,
920 2348 1137 2396 feminea
1159 2349 1429 2396 interemor
1450 2364 1617 2397 manu.

319 2416 413 2462 lx.
453 2417 498 2459 Ο
525 2424 657 2474 uate,
680 2429 793 2462 vere
816 2414 910 2461 hoc
934 2428 1115 2461 nornen
1142 2429 1323 2476 usurpa
1345 2414 1491 2475 patri,

456 2481 535 2528 Ne
558 2494 639 2527 me
663 2480 920 2528 occidente
943 2480 1119 2527 matris
1145 2489 1341 2541 superet
1363 2479 1557 2527 caritas.
1882 2480 1945 2525 20

456 2547 572 2593 lluc
595 2545 766 2606 adripe
788 2545 852 2593 ad
877 2560 956 2593 me
981 2546 1209 2593 manibus
1233 2546 1533 2593 abstractam
1558 2544 1667 2607 piis.

455 2612 567 2658 lam
591 2626 793 2659 cernam
817 2626 961 2659 mene
985 2626 1049 2658 an
1071 2611 1208 2658 illam
1236 2610 1481 2673 potiorem
1503 2620 1663 2672 putes.

330 2680 407 2724 2-1.
450 2676 628 2737 Perge,
653 2677 798 2734 aude,
821 2685 951 2734 nate,
979 2677 1221 2725 illacrima
1245 2676 1399 2737 patris
1420 2676 1659 2739 pestibuS‚

454 2742 722 2791 Miserere!
757 2742 942 2791 Gentes
967 2753 1163 2789 nostras
1186 2741 1375 2793 flebunt
1400 2741 1639 2789 miseriae.

455 2808 595 2855 Heu!
631 2808 922 2866 virginalem
949 2822 1030 2855 me
1054 2822 1140 2855 ore
1162 2806 1410 2868 ploratum
1436 2806 1598 2865 edere,
1884 2806 1945 2852 25

457 2874 620 2932 Quem
643 2873 770 2922 vidit
793 2888 940 2920 nemo
964 2872 1049 2920 ulli
1075 2872 1493 2933 ingemescentem
1517 2870 1680 2919 malo!

455 2935 771 2987 cheminata
793 2939 951 2986 virtus
974 2938 1181 2985 adflicta
1203 2938 1401 2987 occidit.

454 3004 674 3065 Accede,
701 3013 831 3063 nate,
857 3003 1056 3062 adsiste,
1082 3003 1425 3051 miserandum
1450 3003 1615 3066 aspice

457 3069 731 3117 Eviscerati
756 3084 932 3131 corpus
957 3069 1227 3117 laceratum
1252 3070 1435 3131 patris!

457 3136 658 3193 Videte,
683 3136 864 3194 cuncti,
891 3144 1056 3196 tuque,
1082 3134 1351 3182 caelestum
1379 3144 1529 3193 sator,
1884 3132 1949 3178 30

456 3201 590 3260 Iace,
615 3200 835 3258 obsecro,
859 3202 911 3247 in
933 3215 1016 3248 me
1033 3200 1134 3247 vim
1159 3210 1417 3247 coruscam
1441 3198 1681 3254 fulminis,

457 3267 621 3324 Nunc,
647 3280 778 3313 nunc
803 3266 1030 3313 dolorum
1054 3266 1268 3312 auxiferi
1294 3273 1529 3325 torquent
1552 3263 1775 3320 vertices,
