2235 3581
247 188 310 235 ‘76
469 185 1062 237 TUSCULANARUM
1105 185 1271 236 DISP
1279 185 1707 238 UTATIONUM

245 293 567 359 moventur,
592 307 722 345 cum
753 287 815 344 id
834 286 1144 344 honestum
1165 293 1389 365 putent,
1408 288 1564 365 quod
1592 308 1626 346 a
1646 289 1931 367 plerisque

247 366 523 425 laudetur.
595 367 679 424 Te
707 374 915 438 autem,
939 367 988 423 si
1016 368 1078 424 in
1107 367 1289 425 oculis
1316 367 1393 424 sis
1420 368 1825 440 multitudiniS,
1849 378 1929 428 ta-

245 466 378 503 men
403 447 524 504 eius
551 447 765 504 iudicio
789 454 936 504 stare
957 447 1138 504 nolim
1162 467 1265 504 nec
1285 447 1441 525 quod
1469 448 1566 505 illa
1586 456 1752 525 putet
1775 449 1927 508 idem

246 535 446 603 putare
469 526 932 604 pulcherrimum.
998 526 1126 584 Tuo
1150 527 1255 584 tibi
1280 526 1493 584 iudicio
1512 535 1598 586 est
1618 529 1892 587 utendum
1913 549 1927 588 ε

245 606 354 664 tibi
389 607 436 663 si
470 614 624 665 recta
664 606 934 684 probanti
975 606 1243 683 placebis,
1280 614 1406 664 tum
1449 627 1568 665 non
1600 609 1779 666 modo
1812 617 1929 669 tete

247 687 464 758 viceriS,
491 687 647 764 quod
675 687 868 763 paullo
897 695 1028 744 ante
1057 687 1496 764 praecipiebam,
1521 689 1621 746 scd
1651 708 1849 747 omnes
1870 697 1930 748 et

247 767 456 824 omnia.
531 772 622 824 64.
662 767 794 824 Hoc
822 767 1002 844 igitur
1028 767 1138 825 tibi
1159 786 1451 844 propone:
1486 768 1929 846 amplitudinem

245 847 424 903 animi
453 854 512 904 et
534 848 696 924 quasi
718 847 1028 924 quamdam
1051 848 1552 924 exaggerationem
1576 868 1746 925 quam
1777 849 1929 907 altis·

247 927 448 982 simam
479 927 672 996 animi,
700 947 844 1004 quae
873 928 1121 984 maxime
1155 927 1370 985 eminet
1404 929 1843 986 contemnendis
1870 937 1930 987 et

246 1005 632 1082 despiciendis
659 1006 969 1075 doloribuS‚
1001 1027 1177 1064 unam
1210 1027 1330 1065 esse
1364 1009 1625 1065 omnium
1660 1029 1783 1066 rem
1809 1009 1931 1087 pul-

246 1086 585 1144 cherrimam
609 1107 792 1164 eoque
813 1087 1217 1164 pulchriorem,
1244 1087 1292 1144 si
1314 1095 1477 1145 vacet
1496 1089 1716 1166 populo
1745 1109 1929 1166 neque

245 1166 507 1242 plausum
531 1175 768 1244 captans
790 1187 850 1224 se
871 1175 1064 1224 tamen
1093 1169 1221 1244 ipsa
1242 1166 1502 1226 delectet.
1576 1168 1730 1236 Quin
1754 1170 1929 1227 etiam

245 1246 389 1303 mihi
421 1247 651 1323 quidem
688 1247 1062 1305 laudabiliora
1089 1247 1358 1305 videntur
1386 1249 1596 1319 omnia,
1630 1268 1774 1325 quae
1808 1250 1930 1308 sine

246 1326 639 1384 venditatione
663 1335 721 1385 et
750 1328 872 1385 sine
899 1328 1119 1405 populo
1147 1335 1293 1386 teste
1316 1327 1480 1399 fiunt,
1502 1348 1619 1386 non
1644 1349 1758 1406 quo
1781 1330 1932 1406 fugi-

247 1406 427 1463 endus
456 1407 809 1466 sit—omnia
829 1409 984 1466 enim
1007 1407 1309 1468 benefacta
1334 1409 1395 1464 in
1424 1408 1550 1466 luce
1578 1429 1637 1465 se
1666 1410 1931 1468 collocari

246 1486 629 1545 volunt—sed
651 1495 844 1546 tamen
866 1488 1086 1545 nullum
1109 1488 1399 1546 theatrum
1424 1489 1622 1548 virtuti
1644 1490 1933 1548 conscien-

245 1568 329 1624 tia
354 1568 540 1624 maius
568 1575 668 1626 est.

326 1647 585 1705 XXVII.
660 1654 752 1705 65.
785 1648 981 1724 Atque
1001 1649 1064 1705 in
1085 1648 1290 1724 primis
1316 1648 1666 1706 meditemur
1686 1649 1844 1722 illud,
1865 1656 1932 1708 ut

247 1727 386 1785 haec
408 1727 690 1805 patientia
709 1727 992 1799 dolorum,
1011 1747 1184 1807 quam
1207 1748 1373 1806 saepe
1402 1729 1515 1786 iam
1546 1729 1725 1787 animi
1746 1730 1932 1788 inten-

246 1809 404 1866 tione
435 1808 554 1865 dixi
584 1828 702 1866 esse
731 1808 1086 1880 firmandam,
1120 1810 1178 1865 in
1214 1809 1375 1866 omni
1406 1828 1614 1886 genere
1644 1830 1703 1868 se
1732 1830 1933 1888 aequa-

245 1887 421 1945 bilem
450 1888 733 1965 praebeat.
813 1888 1001 1966 Saepe
1035 1890 1191 1946 euim
1224 1890 1409 1960 multi,
1436 1890 1535 1967 qui
1568 1898 1668 1947 aut
1695 1898 1932 1967 propter

247 1968 516 2027 victoriae
546 1969 923 2045 cupiditatem
957 1976 1058 2027 aut
1089 1977 1329 2047 propter
1360 1970 1575 2047 gloriae
1610 1979 1709 2028 aut
1736 1972 1927 2042 etiam,

248 2055 314 2105 ut
346 2049 436 2105 ius
469 2069 636 2105 suum
673 2057 732 2106 et
764 2049 1087 2107 libertatem
1126 2057 1405 2119 tenerent,
1434 2050 1669 2108 vulnera
1700 2070 1933 2128 excepe-

247 2136 383 2186 runt
423 2129 653 2187 fortiter
694 2137 752 2187 et
793 2130 1064 2202 tulerunt,
1095 2129 1273 2187 iidem
1316 2132 1530 2187 omissa
1562 2132 1931 2189 contentione

248 2208 506 2266 dolorem
541 2209 730 2267 morbi
761 2210 910 2267 ferre
942 2229 1062 2266 non
1098 2216 1358 2286 possunt.
1445 2209 1647 2287 Neque
1682 2212 1833 2269 enim
1868 2211 1933 2268 il-

249 2288 386 2359 lum,
413 2309 584 2366 quem
611 2289 780 2348 facile
809 2290 1074 2361 tulerant,
1106 2291 1327 2347 ratione
1356 2297 1457 2347 aut
1484 2291 1765 2367 sapientia
1792 2290 1931 2348 tule-

248 2376 394 2441 rant,
415 2369 516 2427 sed
544 2370 735 2427 studio
759 2371 954 2447 potius
976 2377 1035 2428 et
1055 2370 1253 2446 gloria.
1340 2370 1542 2447 Itaque
1566 2370 1789 2429 barbari
1812 2371 1930 2447 qui-

249 2448 382 2505 dam
422 2457 479 2506 et
521 2449 801 2507 immanes
845 2450 998 2507 ferro
1039 2451 1327 2508 decertare
1362 2450 1631 2507 acerrime
1668 2457 1927 2528 possunt,

249 2536 544 2604 aegrotare
573 2530 810 2586 viriliter
837 2548 955 2585 non
986 2538 1219 2607 queunt.
1297 2530 1499 2588 Graeci
1527 2538 1720 2587 autem
1749 2531 1933 2588 homi-

249 2628 351 2665 nes
379 2628 496 2665 non
527 2610 664 2666 satis
691 2610 953 2680 animosi,
976 2611 1305 2687 prudenteS,
1327 2617 1393 2667 ut
1414 2618 1501 2668 est
1520 2618 1723 2688 captus
1749 2610 1932 2668 homi-

249 2707 407 2758 num,
433 2690 585 2760 satis,
611 2689 836 2746 hostem
865 2691 1116 2767 aspicere
1146 2710 1261 2747 non
1293 2697 1551 2767 possunt,
1576 2691 1761 2747 eidem
1784 2710 1934 2747 mor-

248 2767 355 2825 bos
389 2769 703 2826 toleranter-
729 2777 900 2846 atque
933 2770 1183 2827 humane
1217 2771 1427 2828 ferunt.
1508 2771 1590 2827 At
1617 2769 1840 2828 Cimbri
1874 2777 1934 2827 et

250 2847 524 2906 Celtiberi
545 2850 604 2906 in
628 2849 860 2926 proeliis
882 2851 1185 2921 exsultant,
1210 2850 1595 2908 lamentantur
1615 2850 1673 2907 in
1698 2850 1929 2907 morbo:

250 2928 394 2985 nihil
423 2930 576 2987 enim
607 2936 798 3006 potest
826 2950 946 2988 esse
975 2930 1271 3007 aequabile
1294 2930 1451 3007 quod
1478 2950 1593 2986 non
1617 2950 1652 2987 a
1678 2937 1833 2988 certa
1850 2948 1935 2987 rar

249 3009 408 3065 tione
437 3008 841 3085 proficiscatur.
930 3016 1022 3067 66.
1068 3010 1185 3067 Sed
1206 3030 1335 3067 cum
1361 3010 1554 3067 videas
1576 3030 1690 3081 eOS,
1713 3011 1813 3087 qui
1834 3016 1935 3067 aut

251 3089 443 3145 studio
473 3097 572 3146 aut
607 3090 879 3165 opinione
915 3090 1214 3160 ducantur,
1240 3092 1297 3147 in
1328 3110 1396 3147 eo
1432 3090 1826 3167 persequendo
1856 3097 1936 3147 at-

252 3187 361 3243 quc
384 3168 753 3245 adipiscendo
778 3169 972 3226 dolore
995 3188 1112 3225 non
1142 3170 1349 3245 frangi,
1372 3170 1579 3226 debeas
1608 3170 1935 3228 existimare

250 3254 350 3304 aut
378 3266 494 3304 non
523 3268 642 3306 esse
673 3248 884 3306 malum
916 3250 1171 3305 dolorem
1202 3258 1318 3319 aut,
1350 3250 1521 3306 etiam
1552 3250 1619 3321 si,
1652 3250 1935 3327 quidquid
