2235 3581
245 167 264 210 1
278 166 338 212 72
471 163 516 210 'l‘
525 163 628 212 US(
636 167 647 208 5
656 163 697 212 U
709 164 746 210 11
754 165 800 212 A
811 164 845 210 N
859 165 900 210 Α
911 163 1002 212 Ru
1013 163 1062 210 M
1107 163 1269 213 msl’
1278 163 1709 214 UTATIONUM

242 263 398 321 caelo
440 263 794 320 inhaerentia
837 283 965 320 cum
1015 264 1137 320 cius
1181 264 1363 341 ipsius
1408 261 1575 322 mot'u
1620 284 1934 343 congruere

242 344 411 401 certis
439 343 616 400 infixa
635 344 882 414 sedibus,
903 351 1123 421 septem
1153 345 1264 401 alia
1291 363 1424 402 suos
1452 365 1711 422 quaeque
1739 353 1934 404 tenere

243 443 440 481 cursus
467 425 712 481 multum
743 425 893 481 inter
919 443 978 481 se
1012 432 1112 481 aut-
1140 424 1445 482 altitudine
1479 434 1578 482 aut
1606 425 1935 484 humilitate

243 504 535 574 distantia,
561 523 802 581 quorum
835 505 961 582 vagi
992 511 1187 560 motus
1215 513 1338 562 rata
1362 511 1559 562 tamen
1588 514 1647 563 et
1667 514 1823 564 certa
1844 508 1933 564 sui

243 604 439 641 cursus
485 585 672 660 spatia
715 583 1306 641 definiant—horum
1350 585 1621 643 nimirum
1670 595 1935 663 aspectus

243 664 476 741 impulit
517 664 646 721 illos
687 672 904 722 veteres
945 672 1004 721 et
1037 663 1357 735 admonuit,
1392 671 1459 722 ut
1499 664 1664 742 plura
1706 686 1936 743 quaere-

243 752 386 802 rent.
473 745 616 802 Inde
645 752 732 802 est
751 745 1048 821 indagatio
1078 751 1215 802 nata
1235 745 1532 802 initiorum
1557 753 1615 803 et
1636 753 1932 824 tamquam

245 824 544 895 seminum,
577 825 730 882 unde
763 832 952 883 essent
986 825 1183 882 omnia
1214 831 1357 895 orta,
1388 833 1675 901 generat-a,
1707 845 1935 884 concre-

243 913 320 975 ta,
347 924 606 981 quaeque
635 905 908 982 cuiusque
936 905 1161 981 generis
1190 904 1277 962 vel
1306 905 1547 962 inanimi
1569 906 1658 963 vel
1680 907 1934 964 animan-

243 985 320 1042 tis
350 985 437 1042 vel
466 985 615 1042 muti
643 984 732 1042 vel
756 985 1044 1062 loquentis
1073 985 1255 1061 origo,
1278 1003 1423 1061 quae
1450 985 1585 1056 vita,
1612 986 1711 1062 qui
1740 986 1934 1043 interi·

243 1072 339 1122 tus
369 1084 625 1142 quaeque
659 1084 728 1122 ex
757 1064 869 1121 alio
898 1065 959 1121 in
991 1065 1151 1122 aliud
1178 1064 1514 1122 vicissitudo
1548 1073 1722 1142 atque
1752 1073 1934 1124 muta-

243 1145 347 1216 tio,
379 1144 532 1202 unde
563 1151 716 1202 terra
751 1152 812 1202 et
845 1145 1053 1223 quibus
1086 1143 1293 1202 librata
1324 1145 1692 1222 ponderibuS,
1726 1147 1933 1223 quibus

245 1225 498 1282 cavernis
545 1226 726 1282 maria
773 1225 1192 1282 sustineantur:
1238 1225 1298 1280 in
1348 1244 1461 1302 qua
1505 1227 1703 1283 omnia
1745 1225 1935 1286 delata

243 1305 523 1382 gravitate
548 1306 802 1363 medium
831 1305 1035 1362 mundi
1057 1305 1248 1362 locum
1272 1324 1497 1381 semper
1523 1313 1811 1383 expetant,
1834 1307 1932 1384 qui

245 1393 332 1442 est
361 1385 518 1443 idem
548 1385 779 1443 infimus
806 1386 867 1442 in
895 1385 1164 1443 rotunde.

323 1465 520 1525 XXV.
610 1466 700 1524 70.
746 1466 908 1523 Haec
956 1465 1225 1522 tractanti
1275 1465 1470 1522 animo
1520 1471 1579 1522 et
1626 1473 1826 1524 noctes
1875 1474 1934 1525 et

245 1546 366 1603 dies
407 1547 688 1623 cogitanti
730 1546 954 1604 exsistit
993 1545 1092 1602 illa
1132 1565 1167 1602 a
1207 1545 1317 1602 deo
1351 1544 1597 1622 Delphis
1630 1554 1935 1624 praecepta

244 1626 520 1701 cognitio,
557 1634 624 1684 ut
664 1627 789 1704 ipsa
829 1646 889 1684 se
930 1645 1094 1682 mens
1136 1632 1411 1702 agnoscat
1450 1626 1933 1718 coniunctamque

243 1726 374 1764 cum
407 1706 602 1763 divina
633 1713 826 1764 mente
857 1726 916 1763 se
950 1706 1175 1776 sentiat,
1208 1724 1277 1762 ex
1307 1724 1423 1782 quo
1454 1705 1765 1764 insatiabili
1797 1727 1934 1784 gau-

243 1786 340 1844 dio
371 1787 740 1864 compleatur.
827 1786 960 1865 Ipsa
989 1786 1143 1843 enim
1178 1785 1455 1862 cogitatio
1490 1786 1563 1844 de
1592 1787 1649 1844 vi
1678 1794 1737 1845 et
1770 1796 1933 1847 natu-

242 1887 305 1924 ra
346 1868 583 1925 deorum
629 1868 882 1925 studium
925 1867 1185 1925 incendit
1216 1834 1371 1923 if’lius
1410 1868 1767 1926 aeternitatis
1807 1868 1932 1927 imi-

241 1948 422 2019 tandi,
453 1967 640 2025 neque
674 1968 732 2005 se
774 1948 835 2005 in
869 1947 1150 2005 brevitate
1184 1948 1334 2005 vitae
1358 1947 1710 2005 collocatam
1743 1955 1928 2026 putat,

242 2046 373 2084 cum
408 2047 594 2085 rerum
630 2048 826 2085 causas
859 2028 996 2085 alias
1030 2048 1098 2085 ex
1133 2028 1259 2085 aliis
1296 2034 1461 2105 aptas
1502 2035 1561 2085 et
1594 2029 1930 2086 necessitate

241 2127 416 2165 nexas
458 2109 630 2181 videt,
670 2108 878 2185 quibus
922 2108 994 2165 ab
1039 2115 1271 2166 aeterno
1317 2115 1579 2185 tempore
1620 2108 1931 2166 fluentibus

241 2188 301 2245 in
344 2155 634 2247 aeternuni
680 2189 828 2246 ratio
861 2195 1054 2245 tamen
1089 2207 1366 2265 mensque
1398 2187 1743 2246 moderatur.
1833 2187 1925 2247 71.

241 2268 403 2327 Haec
436 2269 529 2326 ille
562 2270 792 2327 intuens
825 2276 998 2347 atque
1031 2268 1347 2360 suspiciens
1374 2267 1463 2325 vel
1496 2268 1693 2344 potius
1730 2287 1931 2326 omnes

241 2356 430 2425 partes
473 2368 710 2426 orasque
751 2348 1217 2425 circumspiciens
1260 2354 1474 2424 quanta
1514 2367 1705 2404 rursus
1750 2346 1931 2406 animi

239 2429 653 2505 tranquillitate
674 2428 926 2487 humana
953 2436 1012 2487 et
1039 2427 1686 2489 citeriora-musidcrat!
1770 2428 1929 2486 Hinc

240 2508 338 2564 illa
369 2509 626 2585 cognitio
656 2510 884 2566 virtutis
918 2509 1157 2577 exsistit,
1183 2507 1543 2566 efflorescunt
1569 2528 1777 2583 genera
1805 2528 1930 2585 par·

239 2598 439 2665 tesque
487 2588 783 2659 virtutum,
830 2589 1123 2646 invenitur
1178 2588 1319 2665 quid
1374 2588 1465 2658 sit,
1512 2588 1669 2665 quod
1723 2596 1931 2645 natura

241 2675 459 2745 spectet
493 2676 812 2726 extre-mum
853 2668 914 2725 in
946 2668 1133 2740 boniS,
1166 2668 1304 2745 quid
1339 2668 1397 2725 in
1434 2668 1603 2725 malis
1635 2667 1923 2738 ultimum,

242 2768 356 2825 quo
397 2748 694 2807 referenda
727 2749 843 2805 sint
872 2747 1074 2820 officia,
1101 2768 1245 2826 quae
1278 2748 1574 2826 degendae
1606 2748 1809 2806 aetatis
1842 2768 1927 2807 ra-

239 2829 324 2885 tio
375 2829 692 2906 deligenda.
780 2828 1002 2897 Quibus
1049 2836 1108 2885 et
1150 2828 1362 2886 talibus
1410 2828 1581 2886 rebus
1625 2828 1927 2905 exquisitis

239 2908 350 2966 hoc
379 2908 466 2966 vel
495 2910 742 2966 maxime
777 2908 1035 2979 efficitur,
1062 2909 1220 2985 quod
1246 2908 1353 2965 hac
1382 2908 1775 2985 disputatione
1806 2909 1926 2985 agi-

239 3008 384 3060 muS,
405 2995 470 3046 ut
498 2990 678 3047 virtus
708 2988 781 3045 ad
809 2987 973 3045 beate
1003 2989 1313 3045 vivendum
1342 2989 1417 3045 sit
1446 3009 1505 3046 se
1540 2989 1666 3065 ipsa
1692 2996 1925 3047 conten-

238 3075 313 3125 ta.
401 3068 493 3125 72.
531 3069 804 3146 Sequitur
836 3069 1023 3138 tertia,
1057 3088 1202 3145 quae
1234 3088 1337 3145 per
1378 3088 1579 3127 omnes
1612 3076 1803 3146 partes
1841 3089 1927 3126 sa-

238 3147 488 3222 pientiae
521 3156 718 3206 manat
750 3156 807 3206 et
835 3148 1116 3218 funditur,
1144 3168 1289 3226 quae
1320 3168 1439 3206 rem
1472 3148 1689 3219 definit,
1713 3169 1925 3225 genera

239 3225 519 3303 dispertit,
545 3229 842 3306 sequentia
873 3227 1154 3303 adiungit,
1176 3228 1431 3305 perfecta
1458 3194 1765 3300 concludit,
1791 3248 1923 3289 vera
