2235 3581
668 177 822 226 ·L1B.
864 176 988 236 111„
1027 175 1181 225 CAl’.
1218 175 1660 226 XX1V.-XXVI.
1928 181 2021 227 103

327 286 514 374 putat.
592 278 754 348 Quae
781 286 910 337 tota
941 280 1160 356 poterit
1194 279 1375 350 evelli,
1400 279 1698 357 explicata,
1725 289 1791 338 ut
1815 281 2022 358 princi-

327 363 426 438 pio
456 360 596 454 dixi,
622 379 791 417 causa
812 359 1205 438 aegritudinis,
1284 359 1389 417 Est
1418 361 1570 417 enim
1595 360 1753 418 nulla
1779 360 1889 418 alia
1910 362 2021 420 nisi

328 442 529 520 opinio
559 448 618 498 et
647 441 924 498 iudicium
950 441 1147 517 magni
1176 441 1495 517 praesentis
1522 448 1694 518 atque
1721 443 2021 518 urguentis

327 523 480 580 mali.
549 521 753 598 Itaque
773 528 831 578 et
854 520 1020 578 dolor
1038 521 1313 598 corporiS,
1334 520 1495 578 cuius
1518 528 1604 578 est
1627 541 1849 578 morsus
1871 541 2021 580 acer-

326 604 524 676 rimus,
545 603 838 680 perfertur
865 621 966 678 spe
993 601 1295 679 proposita
1321 599 1460 658 boni
1496 608 1554 658 et
1582 609 1711 659 acta
1736 610 1892 659 aetas
1920 601 2019 658 ho·

326 691 488 741 neste
523 703 588 740 ac
623 681 926 760 splendide
960 687 1183 738 tantam
1221 681 1410 738 adfert
1451 681 1921 753 consolationem,
1954 691 2020 740 ut

325 783 441 835 eOS,
468 764 568 856 qui
602 763 685 820 ita
719 763 982 832 vixerint,
1015 768 1116 818 aut
1149 780 1266 818 non
1302 761 1552 838 attingat
1585 761 1884 838 aegritudo
1919 770 2019 820 aut

324 809 630 921 perleviter
656 850 879 922 pungat
907 841 1085 899 animi
1115 840 1296 899 dolor.

405 924 634 982 XXVI.
681 923 798 982 Sed
831 923 906 980 ad
935 922 1082 980 hanc
1119 921 1453 999 opinionem
1484 922 1681 998 magni
1714 922 1851 979 mali
1886 942 2017 980 eum

325 1004 424 1060 illa
463 1005 638 1062 ctiam
675 1004 875 1081 opinio
918 1002 1173 1073 accessit,
1207 1010 1489 1078 oportere,
1521 1010 1741 1060 rectum
1776 1022 1913 1075 esse,
1944 1002 2019 1060 ad

325 1083 576 1141 officium
615 1085 900 1161 pertinere
935 1083 1085 1141 ferre
1125 1082 1265 1141 illud
1312 1102 1495 1160 aegre,
1530 1082 1686 1160 quod
1728 1083 2015 1154 acciderit,

323 1171 450 1221 tum
481 1165 730 1242 denique
764 1163 1010 1222 efficitur
1040 1163 1140 1220 illa
1171 1163 1361 1240 gravis
1394 1163 1773 1240 aegritudinis
1801 1170 2019 1241 pertur-

323 1239 498 1302 bati0.
587 1250 679 1302 62.
718 1243 805 1300 Ex
835 1245 941 1302 hac
977 1243 1253 1321 opinione
1288 1250 1435 1301 sunt·
1452 1244 1551 1301 illa
1584 1244 1738 1301 varia
1772 1251 1830 1301 et
1864 1244 2019 1302 dete-

323 1324 552 1382 stabilia
571 1331 783 1402 genera
802 1323 1056 1402 lugendi,
1082 1324 1377 1402 paedoreS,
1398 1323 1706 1381 muliebres
1727 1324 2020 1382 laceratio·

323 1425 422 1461 nes
444 1425 739 1482 genarum,
761 1405 1027 1482 pectoriS,
1047 1405 1353 1475 feminum,
1376 1404 1581 1482 capitis
1603 1404 2013 1480 percussiones,

322 1485 480 1543 Hinc
510 1485 603 1543 ille
627 1486 993 1563 Agamemno
1023 1484 1372 1542 Homericus
1402 1493 1459 1541 ct
1487 1483 1642 1542 idem
1665 1484 1954 1542 Accianus

518 1615 766 1666 Scindens
789 1613 960 1663 dolore
983 1611 1273 1662 idemtidem
1296 1613 1545 1661 intonsam
1569 1627 1782 1674 comam,

322 1736 383 1794 in
429 1755 544 1814 quo
586 1736 840 1795 facetum
884 1733 1029 1808 illud
1069 1733 1292 1807 Bionis,
1330 1733 1569 1812 perinde
1612 1733 2012 1793 stultissimum

319 1837 515 1895 regem
551 1818 610 1874 in
646 1818 806 1875 luctu
845 1803 1112 1895 capillum
1153 1815 1264 1872 sibi
1306 1814 1544 1874 evellere
1580 1817 1743 1893 quasi
1784 1816 2015 1874 calvitio

321 1918 549 1955 maeror
567 1897 878 1955 levaretur
959 1900 1052 1954 63.
1091 1895 1208 1953 Sed
1242 1894 1382 1953 haec
1417 1896 1613 1953 omnia
1644 1896 1867 1954 faciunt
1896 1897 2016 1973 opi-

321 1985 526 2036 nantes
554 1979 638 2035 ita
658 1978 783 2035 fieri
811 1984 1093 2054 oportere.
1167 1975 1372 2053 Itaque
1394 1984 1453 2033 et
1475 1976 1835 2034 Aeschines'
1820 1996 1878 2033 m
1902 1977 2016 2034 De·

321 2060 687 2117 mosthenem
716 2058 1025 2128 invehitur,
1053 2056 1253 2134 quod
1239 2076 1288 2113 is
1317 2057 1565 2134 septimo
1596 2058 1689 2115 die
1712 2064 1846 2134 post
1864 2056 2014 2115 filiae

321 2147 570 2197 mortem
615 2139 836 2196 host-ias
867 2138 1307 2207 immolavisset.
1378 2138 1463 2194 At
1498 2156 1669 2214 quam
1709 2138 2010 2208 rhetorice,

323 2238 491 2297 quam
509 2220 757 2297 copiose,
777 2238 917 2295 quas
939 2218 1253 2275 sententias
1272 2216 1511 2293 colligit,
1534 2237 1678 2293 quae
1696 2217 1867 2274 verba
1884 2236 2016 2274 eon-

319 2300 590 2376 torquet!
635 2306 701 2356 ut
736 2299 902 2357 licere
939 2298 1169 2376 quidvis
1210 2297 1427 2354 rhetori
1461 2297 1774 2373 intellegas,
1854 2297 2013 2365 Quae

319 2398 491 2437 nemo
532 2379 818 2456 probaret,
850 2379 962 2435 nisi
997 2378 1237 2436 insitum
1272 2376 1416 2434 illud
1450 2377 1509 2433 in
1544 2378 1751 2433 animis
1784 2376 2015 2435 habere-

317 2478 465 2530 muS,
493 2479 694 2516 omnes
723 2459 908 2516 bonos
941 2459 1179 2516 interitu
1216 2476 1449 2515 suorum
1480 2476 1650 2534 quam
1680 2457 2013 2534 gravissime

319 2558 570 2597 maerere
601 2546 880 2616 oportere.
960 2538 1048 2595 Ex
1071 2538 1183 2596 hoc
1214 2537 1405 2595 evenit
1428 2538 1572 2594 utin
1598 2537 1776 2595 animi
1806 2537 2015 2596 dolori-

317 2618 428 2677 bus
461 2620 560 2676 alii
590 2620 932 2678 solitudines
965 2625 1219 2697 captent,
1248 2624 1311 2675 ut
1344 2618 1426 2674 ait
1460 2617 1752 2675 Homerus
1785 2618 1857 2676 de
1885 2618 2015 2676 Bel-

318 2698 661 2777 lerophonte
681 2718 695 2757 ε

515 2828 616 2889 Qui
643 2814 792 2877 miser
814 2828 866 2875 in
890 2827 1080 2889 campis
1103 2842 1331 2875 maerens
1354 2828 1551 2877 errabat
1570 2826 1729 2887 Alete,

517 2895 634 2956 Ipse
658 2910 801 2942 suum
827 2909 912 2943 cor
934 2893 1103 2954 edens,
1126 2893 1385 2941 hominum
1409 2892 1617 2953 vestigia
1638 2892 1817 2953 vitans,

316 3026 377 3078 et
420 3020 616 3078 Nioba
649 3020 891 3097 fingitur
930 3018 1157 3097 lapidea
1198 3027 1437 3097 propter
1477 3026 1788 3088 aeternum,
1824 3017 2011 3088 cred0,

315 3101 374 3157 in
406 3100 566 3159 luctu
596 3100 907 3158 silentium.
986 3100 1290 3157 Hecubam
1320 3106 1511 3157 autem
1543 3104 1751 3175 putant
1778 3104 2015 3173 propter

313 3181 495 3238 animi
543 3180 910 3238 acerbitatem
952 3180 1262 3258 quamdam
1306 3187 1366 3237 et
1402 3178 1617 3235 rabiem
1653 3177 1796 3267 fingi
1830 3177 1890 3232 in
1925 3195 2013 3232 ca-

314 3278 449 3317 nem
479 3278 603 3317 esse
631 3278 980 3317 conversam.
1059 3259 1211 3317 Sunt
1238 3265 1431 3316 autem
1462 3257 1576 3328 alii,
1598 3274 1743 3333 quos
1772 3256 1829 3312 in
1854 3254 2009 3313 luctu
