2235 3581
715 176 853 225 Lm.
896 177 983 237 11.‚
1017 175 1190 225 CAR·
1211 175 1579 225 xv111.·-XX.
1926 177 1989 225 69

305 284 550 356 possunt
592 278 800 334 omni-a.
888 277 1084 354 Longe
1128 275 1307 352 igitur
1352 274 1512 332 abest
1554 295 1588 332 a
1628 295 1856 332 summo
1893 276 2009 350 do-‚

305 357 481 416 lore.''
567 359 601 385 “
620 357 776 434 Ergo
792 356 826 384 ”
863 357 1051 434 inquit
1087 357 1121 384 ‘⁴
1140 356 1309 413 dolor
1340 356 1646 412 diuturnus
1676 355 1852 414 habet
1885 357 1994 413 lae-

305 439 470 496 titiae
489 439 620 515 plus
643 457 814 514 quam
836 435 1187 494 molestiae.’'
1264 442 1358 493 45.
1396 435 1572 492 Hunc
1596 455 1703 512 ego
1728 455 1843 493 non
1867 456 1995 513 pos-

309 538 435 575 sum
465 525 693 576 tantum
709 517 1016 574 hominem
1044 516 1191 573 nihil
1222 535 1417 594 sapere
1441 515 1646 587 dicere,
1672 515 1771 574 sed
1793 535 1900 572 nos
1922 517 1993 573 ab

309 619 378 656 eo
401 598 646 656 derideri
667 605 827 675 puto.
897 597 1026 674 Ego
1049 616 1339 654 summum
1361 595 1993 654 dolorem—summum

308 685 501 736 autem
531 678 679 749 dice,
703 677 878 736 etiam
907 679 956 734 si
985 677 1183 735 decem
1213 677 1422 734 atomis
1445 683 1533 734 cst
1560 677 1745 734 maior
1772 677 1996 734 alius—

309 777 428 816 non
460 759 735 816 continuo
770 777 891 815 esse
932 758 1064 816 dico
1103 758 1353 829 brevem,
1388 758 1718 834 multosque
1759 777 1995 834 possum
2043 774 2050 781 ·

310 839 495 896 bonos
529 839 681 895 viros
719 840 1032 909 nominare,
1067 839 1167 916 qni
1210 837 1533 915 complures
1578 857 1757 894 annos
1791 837 1997 895 dolori-

308 919 417 976 bus
444 919 732 997 podagrae
766 919 1090 976 crucientur
1115 919 1399 976 maximis
1487 918 1603 976 Sed
1631 918 1808 975 homo
1838 925 1998 975 catus

310 1019 626 1076 numquam
655 1000 926 1056 terminat
953 1019 1059 1057 nec
1079 998 1500 1076 magnitudinis
1528 1018 1635 1056 nec
1658 998 1999 1058 diuturnita-

310 1080 387 1136 tis
415 1079 672 1149 modum,
697 1087 762 1137 ut
797 1080 972 1136 seiam
1004 1080 1143 1157 quid
1174 1098 1462 1136 summum
1501 1079 1656 1136 dicat
1691 1080 1752 1136 in
1782 1079 1995 1148 dolore,

313 1159 454 1236 quid
474 1159 642 1216 breve
670 1161 731 1216 in
751 1166 1028 1237 tempore.
1101 1160 1457 1219 Omittamus
1478 1159 1632 1218 hunc
1654 1158 1833 1238 igitur
1853 1159 1997 1216 nihil

311 1259 542 1316 prorsus
576 1240 862 1298 dicentem
898 1259 1284 1318 cogamusque
1319 1239 1578 1298 confiteri
1619 1260 1737 1297 non
1773 1259 1892 1297 esse
1926 1238 1999 1296 ab

313 1339 382 1377 eo
411 1320 626 1378 doloris
653 1321 907 1378 remedia
937 1321 1274 1398 quaerenda,
1301 1322 1399 1398 qui
1429 1320 1683 1378 dolorem
1716 1321 1999 1378 malorum

313 1401 574 1458 omnium
617 1401 933 1458 maximum
977 1398 1219 1459 dixerit:
1265 1401 1526 1478 quamvis
1568 1400 1721 1458 idem
1764 1401 2001 1457 forticu-

314 1481 434 1537 lum
469 1501 528 1538 se
561 1481 622 1538 in
656 1481 1003 1539 torminibus
1037 1488 1095 1538 et
1127 1483 1188 1538 in
1224 1481 1545 1558 stranguria
1578 1501 1680 1538 sua
1712 1480 1996 1558 praebeat.

313 1560 569 1618 Aliunde
611 1562 791 1638 igitur
831 1567 918 1618 est
960 1561 1285 1640 quaerenda
1327 1561 1617 1618 medicina
1654 1561 2000 1642 et'maxime

316 1642 567 1718 quidem,
605 1643 654 1698 si
697 1641 836 1718 quid
878 1642 1129 1699 maxime
1178 1639 1625 1700 consentaneum
1669 1642 1744 1698 sit
1787 1640 2002 1718 quaeri-

315 1741 462 1793 muS,
493 1721 563 1778 ab
593 1721 680 1793 iis,
707 1721 915 1799 quibus
944 1722 1100 1801 quod
1130 1722 1437 1780 honestum
1466 1723 1557 1794 sit,
1584 1741 1873 1778 summum
1905 1721 2003 1777 bo-

317 1822 475 1872 num,
501 1803 659 1879 quod
684 1809 869 1879 turpe,
902 1822 1191 1860 summum
1222 1804 1449 1861 videtur
1477 1803 1708 1860 malum.
1795 1802 1907 1859 His
1936 1809 2003 1859 tu

316 1882 709 1959 praesentibus
742 1902 970 1960 gemere
1004 1890 1064 1940 et
1099 1884 1309 1941 iactare
1343 1890 1401 1940 te
1443 1902 1561 1940 non
1604 1882 1840 1941 audebis
1873 1902 2003 1960 pro-

317 1964 491 2019 fecto,
556 1962 848 2040 Loquetur
864 1964 1018 2021 enim
1042 1982 1240 2021 eorum
1261 1974 1397 2021 voce
1416 1963 1619 2022 Virtus
1640 1964 1766 2040 ipsa
1782 1970 1999 2021 tecum:

399 2042 550 2099 XX..
608 2048 703 2100 46.
739 2042 920 2114 Τ11110,
952 2063 1083 2101 011111
1113 2062 1321 2120 pueros
1350 2044 1791 2113 Lacedaemone,
1818 2043 2003 2101 adole-

319 2130 540 2180 scentes
562 2123 884 2201 Olympiae,
909 2123 1182 2181 barbaros
1204 2124 1263 2179 in
1294 2143 1463 2181 arena
1484 2124 1696 2181 videris
1720 2124 2004 2200 excipien-

318 2210 406 2260 tes
433 2204 795 2279 gravissimas
823 2204 1020 2281 plagas
1047 2211 1105 2262 et
1133 2202 1381 2261 ferentes
1410 2204 1656 2275 silentiO,
1689 2205 1734 2260 si
1765 2212 1823 2261 te
1850 2205 2002 2260 forte

320 2282 488 2340 dolor
527 2283 730 2361 aliquis
771 2284 1109 2362 pervellerit,
1148 2282 1489 2341 exclamabis
1522 2289 1588 2340 ut
1628 2284 1848 2353 mulier,
1884 2303 2002 2340 non

321 2370 648 2421 constanter
671 2370 728 2421 et
751 2364 943 2421 sedate
965 2365 1113 2421 feres
1128 2364 1378 2421 Z—Fieri
1401 2382 1517 2420 non
1540 2370 1765 2441 potest:
1801 2371 2006 2421 natura

321 2463 440 2499 non
468 2444 999 2521 pamma—Audio.
1079 2444 1249 2501 Pueri
1282 2445 1475 2502 ferunt
1502 2443 1687 2521 gloria
1715 2444 1891 2516 ducti,
1922 2445 2006 2501 fe-

321 2531 456 2582 runt
489 2524 708 2601 pudore
743 2524 856 2597 alii,
891 2524 1062 2582 multi
1103 2532 1281 2597 metu,
1318 2532 1377 2584 et
1417 2532 1609 2583 tamen
1645 2545 1906 2583 veremur
1939 2532 2005 2583 ut

321 2603 450 2675 hoc,
477 2604 633 2682 quod
661 2624 696 2661 a
721 2612 841 2661 tam
870 2606 1068 2663 multis
1097 2612 1155 2663 et
1185 2606 1341 2683 quod
1374 2612 1465 2663 tot
1496 2605 1638 2663 locis
1665 2607 2001 2683 perferatur,

321 2692 526 2741 natura
552 2686 858 2762 patiatur?
918 2685 1024 2743 Illa
1044 2706 1177 2743 vero
1206 2706 1323 2743 non
1352 2687 1528 2743 modo
1552 2687 1785 2764 patitur,
1807 2706 2002 2743 verum

322 2766 494 2823 etiam
519 2765 788 2842 postulat.
865 2764 1028 2823 Nihil
1057 2767 1211 2823 enim
1240 2765 1414 2823 habet
1442 2766 1838 2843 praestantiuS,
1860 2765 2003 2822 nihil

324 2846 480 2922 quod
501 2847 688 2923 magis
709 2853 940 2923 expetat
963 2865 1135 2923 quam
1156 2846 1536 2916 honestatem,
1562 2865 1733 2922 quam
1757 2845 2001 2915 laudem,

323 2944 495 3003 quam
526 2926 888 3003 dignitatem,
922 2945 1091 3004 quam
1123 2926 1310 2983 decuS.
1397 2926 1573 2983 Hisce
1608 2945 1716 3003 ego
1745 2925 2005 3001 pluribus

322 3006 656 3063 nominibus
678 3026 848 3064 unam
869 3026 989 3064 rem
1009 3005 1280 3064 declarari
1298 3005 1445 3076 volo,
1468 3006 1568 3063 sed
1585 3015 1732 3077 utor,
1754 3012 1818 3062 ut
1834 3024 2005 3082 quam

321 3087 573 3144 maxime
603 3086 936 3164 significem,
967 3086 1241 3164 pluribus.
1312 3086 1466 3145 Volo
1500 3095 1693 3145 autem
1728 3086 1915 3143 dicere
1944 3085 2007 3142 il-

323 3165 424 3223 lud
451 3166 678 3224 homini
711 3168 881 3243 longe
917 3168 1204 3244 optimum
1240 3187 1375 3241 esse,
1402 3168 1558 3246 quod
1585 3168 1774 3245 ipsum
1805 3166 1880 3225 sit
1908 3186 2006 3244 op-

322 3246 562 3307 tandum
594 3266 697 3325 per
717 3267 793 3319 se,
819 3267 854 3305 a
872 3248 1084 3305 virtute
1100 3248 1429 3325 profectum
1452 3247 1539 3304 vel
1569 3248 1627 3305 in
1650 3247 1775 3324 ipsa
1798 3246 2005 3306 virtute
