2235 3581
723 171 858 220 LIB.
898 170 1019 233 IV.‚
1052 171 1210 220 CAP.
1252 171 1512 220 IX.-XII.
1874 173 1968 222 123

283 275 525 352 literque
559 274 733 332 ceteri
766 272 972 344 morbi,
997 280 1063 331 ut
1091 274 1313 346 gloriae
1340 275 1645 347 cupiditas,
1670 282 1737 332 ut
1770 276 1970 334 mulie-

281 356 505 426 rositas,
538 360 605 412 ut
633 354 716 411 ita
741 353 1026 431 appellem
1055 373 1199 425 eam,
1226 373 1371 431 quae
1393 353 1609 412 Graece
1638 355 1969 430 φιλογΰνεια

280 435 508 506 dicitur,
546 435 832 511 ceterique
881 434 1148 491 similiter
1194 433 1383 491 morbi
1432 436 1968 514 aegrotationesque

282 522 607 572 nascuntur.
679 514 837 583 Quae
871 521 1062 571 autem
1099 520 1235 571 sunt
1266 514 1357 570 his
1392 515 1692 587 contraria,
1718 536 1784 573 ea
1812 519 1969 575 nasci

281 601 560 672 putantur
592 615 627 651 a
653 601 828 666 metu,
849 601 916 651 ut
948 595 1145 650 odium
1180 595 1507 666 mulierum,
1532 596 1697 672 quale
1730 597 1790 653 in
1818 622 1969 673 μισο-

282 675 435 752 γὺνῳ
471 673 639 732 Atilii
685 681 787 746 est,
825 681 890 731 ut
938 675 1002 730 in
1051 675 1349 730 hominum
1400 675 1729 732 universum
1770 697 1965 750 yenus,

283 755 440 833 quod
473 755 799 832 accepimus
833 755 904 811 de
933 754 1194 825 Timone,
1229 755 1327 833 qui
1362 753 1746 831 μισάνθρωποι
1780 758 1970 835 appel-

277 835 486 906 lantur,
513 841 579 892 ut
611 835 1040 907 inhospitalitas
1075 841 1177 906 est,
1206 854 1349 912 quae
1390 854 1590 892 omnes
1628 839 1971 914 aegrotatio-

279 935 382 972 nes
409 914 590 972 animi
618 934 686 971 ex
716 915 965 991 quodam
1001 921 1163 972 metu
1198 922 1510 973 nascuntur
1537 936 1731 977 earum
1759 937 1965 988 rerum,

281 1015 422 1073 quas
440 995 676 1072 fugiunt
704 1002 762 1052 et
783 995 1043 1052 oderunt.
1119 1000 1213 1052 26.
1251 995 1553 1053 Definiunt
1575 1004 1765 1054 autem
1790 999 1968 1055 animi

279 1075 717 1148 aeyrotationem
761 1075 1157 1151 opinationem
1193 1075 1590 1133 vehementem
1634 1076 1706 1134 de
1748 1097 1808 1135 re
1849 1097 1966 1136 non

281 1155 616 1232 expetenda,
653 1163 947 1231 tamquam
985 1154 1149 1212 valde
1193 1155 1512 1232 expetenda
1554 1157 1644 1228 sit,
1675 1157 1969 1215 inhaeren-

279 1243 397 1293 tem
446 1242 504 1292 et
548 1235 778 1312 penitus
823 1235 1070 1292 insitam.
1154 1235 1327 1304 Quod
1370 1244 1561 1293 autem
1602 1238 1853 1295 nascitur
1898 1258 1967 1295 ex

279 1315 598 1372 offensione
640 1315 724 1371 ita
761 1313 1059 1386 definiunt,
1095 1317 1427 1392 opinionem
1464 1317 1862 1374 vehementem
1895 1319 1968 1375 de

277 1415 339 1452 re
368 1415 484 1452 non
508 1394 786 1472 fugienda
815 1394 1210 1452 inhaerentem
1241 1403 1299 1452 et
1319 1397 1551 1472 penitus
1574 1397 1804 1453 insitam
1826 1406 1969 1454 tam-

281 1495 452 1553 quam
488 1474 801 1552 fugienda:
847 1475 986 1532 haec
1031 1483 1224 1532 autem
1268 1477 1527 1553 opinatio
1569 1484 1657 1534 est
1688 1477 1965 1535 iudicatio

281 1575 340 1612 se
371 1555 512 1612 scire
531 1555 690 1632 quod
713 1556 943 1613 nesciat.
1015 1557 1412 1629 Aeyrotationi
1434 1564 1624 1613 autem
1650 1557 1785 1614 talia
1804 1577 1969 1634 quae-

279 1636 415 1693 dam
467 1634 721 1692 subiecta
774 1643 923 1706 sunt,
967 1637 1235 1706 avaritia,
1272 1637 1525 1708 ambitio,
1566 1638 1964 1709 mulierositaS,

282 1716 618 1790 pervicacia,
657 1717 967 1788 liqurritiO,
1001 1717 1326 1787 vinolentia,
1358 1718 1636 1790 cuppedia
1674 1724 1732 1774 et
1770 1718 1816 1773 si
1856 1738 1969 1795 qua

281 1796 504 1854 similia.
591 1797 697 1854 Est
739 1805 934 1854 autem
978 1798 1215 1854 avaritia
1256 1798 1515 1874 opinatio
1549 1797 1855 1856 vehemens
1896 1800 1967 1857 de

279 1878 540 1955 pecunia,
570 1878 730 1954 quasi
756 1877 920 1934 valde
944 1878 1265 1954 expetenda
1286 1879 1377 1949 sit,
1402 1878 1703 1936 inhaerens
1732 1887 1790 1937 et
1810 1881 1969 1955 peni-

279 1965 374 2015 tus
397 1958 586 2028 insita,
615 1958 930 2035 similisque
950 1965 1047 2017 ‚est
1075 1958 1329 2015 eiusdem
1359 1959 1585 2035 generis
1607 1959 1865 2017 definitio
1887 1979 1970 2017 re-

280 2038 581 2116 liquarum.
660 2038 752 2096 27.
797 2038 1186 2113 offensionum
1222 2046 1412 2095 autem
1442 2038 1806 2097 definitiones
1835 2048 1969 2097 sunt

281 2120 404 2176 eius
423 2118 600 2190 modi,
625 2126 691 2175 ut
711 2119 1140 2192 inhospitalitas
1162 2119 1238 2175 sit
1260 2119 1459 2195 opinio
1478 2118 1783 2177 vehemens
1805 2120 1968 2177 valde

281 2199 625 2276 fugiendum
657 2218 776 2255 esse
805 2198 1092 2275 hospitem
1117 2218 1296 2275 eaque
1325 2198 1625 2255 inhaerens
1653 2207 1711 2256 et
1736 2201 1968 2275 penitus

280 2280 470 2350 insita,
503 2278 880 2355 similiterque
916 2278 1188 2335 definitur
1228 2286 1287 2335 et
1319 2280 1627 2335 mulierum
1662 2280 1876 2351 odium,
1901 2288 1968 2337 ut

281 2358 612 2436 Hippolyti,
636 2364 708 2429 et,
735 2366 802 2415 ut
823 2358 1102 2430 TimoniS,
1124 2359 1342 2431 yeneris
1370 2358 1627 2416 humani.

362 2438 501 2497 XII.
538 2438 736 2515 Atque
772 2445 838 2495 ut
871 2438 946 2495 ad
979 2438 1323 2495 valetudinis
1358 2437 1791 2496 similitudinem
1816 2440 1969 2496 veni-

281 2538 445 2576 amus
473 2538 652 2595 eaque
681 2517 988 2575 collatione
1011 2526 1243 2576 utamur
1270 2518 1594 2596 aliquandO,
1616 2520 1716 2575 sed
1743 2520 1968 2595 parcius

283 2618 454 2676 quam
485 2598 670 2655 solent
699 2598 898 2669 Stoici,
919 2605 986 2655 ut
1015 2606 1151 2656 sunt
1184 2598 1279 2655 alii
1309 2598 1383 2655 ad
1410 2598 1552 2655 alios
1579 2599 1813 2656 morbos
1840 2619 1968 2676 pro-

282 2677 557 2751 clivioreS,
579 2679 772 2755 itaque
792 2678 1038 2735 dicimus
1059 2678 1466 2754 gravedinosos
1486 2679 1781 2755 quosdam,
1804 2699 1969 2756 quos-

283 2759 416 2816 dam
457 2760 823 2829 torminOSOS,
854 2778 974 2815 non
1005 2759 1141 2835 quia
1172 2758 1286 2815 iam
1324 2759 1455 2825 sint,
1488 2759 1588 2815 sed
1622 2760 1758 2836 quia
1798 2778 1967 2835 saepe

285 2833 469 2917 [sint],
503 2840 582 2896 sic
625 2839 721 2896 alii
760 2838 832 2895 ad
867 2846 1106 2908 metum,
1140 2837 1235 2895 alii
1270 2837 1345 2895 ad
1386 2837 1554 2894 aliam
1589 2838 1968 2914 perturbatio-

281 2938 413 2977 nem
435 2938 448 2977 ε
485 2940 553 2977 ex
573 2939 687 2996 quo
717 2919 778 2975 in
808 2918 933 2975 aliis
955 2919 1227 2988 anoeieta3,
1248 2918 1402 2974 unde
1432 2919 1603 2989 anxii,
1625 2918 1683 2974 in
1707 2918 1833 2975 aliis
1853 2919 1968 2973 ira—

281 3001 492 3055 cundia
527 2999 754 3070 dicitur,
781 3018 925 3075 quae
959 2998 1031 3055 ab
1067 3000 1159 3053 ira
1194 2998 1405 3067 differt,
1438 3007 1637 3074 estque
1672 2997 1829 3054 aliud
1861 2998 1969 3055 ira-

282 3079 530 3137 cundum
581 3098 718 3148 esse,
757 3078 914 3136 aliud
957 3079 1187 3149 iratum,
1225 3084 1291 3135 ut
1347 3078 1541 3135 differt
1590 3078 1844 3133 anxietas
1893 3077 1964 3133 ab

283 3178 490 3232 anyore
511 3179 530 3214 .·
574 3178 759 3235 neque
795 3160 948 3215 enim
985 3178 1187 3215 omnes
1220 3158 1375 3214 anxii
1406 3158 1504 3235 qui
1539 3163 1830 3232 anguntur
1870 3155 1967 3212 ali-

283 3238 513 3315 quando
541 3258 648 3296 nec
679 3238 778 3314 qui
806 3238 962 3294 anxii
992 3257 1219 3313 semper
1240 3244 1546 3312 anguntur,
1570 3242 1637 3292 ut
1657 3236 1808 3292 inter
1824 3234 1966 3291 ebri-
