2235 3581
200 133 264 178 66
422 128 1012 178 TUSCULANARUM
1055 125 1661 176 DISPUTATIONUM

199 231 556 290 consuetudo
573 231 758 288 docet.
825 229 980 298 Quin
999 229 1174 287 etiam
1189 228 1448 285 videmus
1470 247 1537 285 ex
1557 227 1677 285 acie
1695 229 1895 286 efferri

200 331 366 390 saepe
388 312 609 368 saucios
631 319 688 368 et
707 310 938 387 quidem
961 309 1164 366 rudem
1186 309 1349 365 illum
1368 315 1426 365 et
1446 308 1891 366 inexercitatum

199 392 460 469 quamvis
481 391 592 448 levi
620 391 738 448 ictu
759 390 1017 467 ploratus
1045 389 1411 466 turpissimos
1434 387 1631 445 edere:
1668 395 1727 445 at
1748 408 1891 446 vero

199 473 293 529 ille
315 472 656 528 exercitatus
685 479 742 528 et
765 477 930 527 vetus
951 469 1026 526 ob
1049 489 1291 546 eamque
1317 487 1439 524 rem
1460 468 1688 540 fortior,
1706 469 1893 525 medi-

199 571 329 610 cum
357 552 536 608 modo
565 551 858 628 requirens
887 570 920 606 a
949 570 1062 638 quo
1093 549 1412 625 obligetur:

197 682 243 730 Ο
275 681 563 739 Patricoles,
597 680 772 744 inquit,
807 679 870 727 ad
898 695 984 727 vos
1018 677 1304 738 adveniens,
1336 677 1581 724 auxilium
1614 686 1665 726 et
1696 685 1889 726 vestras

351 784 359 790 .
393 760 572 793 manus

197 813 342 872 Pete,
375 812 512 875 prius
539 826 692 874 quam
726 818 908 873 oppeto
941 809 1127 858 malam
1161 815 1354 871 pestem
1388 808 1680 856 mandatam
1716 808 1889 856 hostili

393 891 543 924 manu

197 943 373 1004 Neque
397 913 596 1001 sanguis
620 941 722 990 ullo
745 942 874 1002 potis
897 949 974 988 est
994 947 1145 1003 pacto
1167 938 1415 1002 profluens
1438 939 1723 1000 consistere,

199 1008 252 1054 si
275 1008 361 1070 qui
385 1007 627 1069 sapientia
647 1007 808 1066 magis
831 1015 997 1054 vestra
1019 1020 1153 1052 mors
1178 1005 1387 1053 devitari
1409 1013 1588 1067 potest.

197 1073 433 1136 Namque
457 1071 724 1134 Aesculapi
747 1071 1015 1119 liberorum
1037 1070 1193 1118 saucii
1218 1070 1421 1133 opplent
1442 1070 1693 1132 porticus:

197 1137 310 1186 Non
337 1147 498 1200 potest
521 1137 689 1185 accedi
724 1173 736 1185 .
781 1175 793 1185 .
835 1175 846 1186 .

197 1205 257 1252 1’..
289 1203 436 1252 Certe
461 1202 742 1266 Eurypylus
767 1202 846 1250 hic
870 1202 1070 1264 quidem
1095 1211 1186 1249 est.

199 1321 516 1378 Hominem
539 1321 870 1390 exercitum,
893 1318 994 1376 ubi
1015 1325 1242 1376 tantum
1272 1318 1461 1375 luctus
1482 1319 1887 1377 cont-iuuatur!

198 1401 394 1458 XVII.
429 1466 434 1470 ,
477 1407 568 1458 39.
602 1400 754 1458 Vide
778 1419 950 1476 quam
978 1419 1098 1455 non
1128 1397 1396 1455 flebiliter
1422 1399 1780 1475 respondeat,
1801 1418 1887 1456 ra-

197 1483 416 1538 tionem
441 1482 612 1539 etiam
637 1481 860 1538 adferat
888 1499 989 1537 cur
1009 1499 1193 1556 aequo
1216 1479 1411 1536 animo
1441 1478 1551 1536 sibi
1578 1478 1883 1536 ferendum

199 1563 272 1618 sit
293 1581 305 1619 τ

853 1637 912 1686 Ε.
947 1638 1046 1696 Qui
1070 1637 1212 1684 alteri
1237 1637 1429 1685 exitum
1456 1646 1613 1698 parat,

197 1705 329 1752 Eum
355 1706 480 1753 scire
503 1714 697 1766 oportet
721 1704 812 1750 sibi
837 1714 1063 1766 paratam
1087 1712 1277 1764 pestem
1302 1711 1357 1750 ut
1380 1702 1640 1764 participet
1662 1713 1848 1764 parem.

199 1823 466 1880 Abducet
509 1822 838 1893 PatricolOS,
876 1822 1063 1893 πρᾶο,
1106 1831 1170 1879 ut
1205 1821 1445 1879 collocet
1486 1822 1544 1877 in
1589 1820 1779 1891 cubili,
1818 1829 1883 1877 ut

197 1904 402 1960 vulnus
425 1902 658 1979 obliget.
731 1902 794 1959 Si
817 1902 1050 1979 quidem
1080 1902 1260 1959 homo
1284 1910 1448 1973 esset,
1470 1902 1569 1959 sed
1598 1901 1740 1958 nihil
1765 1900 1884 1979 ¹vidi

196 1984 404 2041 minus,
475 1982 710 2052 Quaerit
739 1982 892 2040 enim
917 1983 1058 2060 quid
1087 1989 1279 2039 actum
1310 1984 1413 2040 sit:

147 2168 150 2171 ⁴
197 2114 257 2159 P.
291 2112 552 2175 Eloquere,
577 2112 820 2175 eloquere,
851 2126 926 2159 res
949 2112 1192 2171 Argivum
1219 2110 1405 2173 proelio
1428 2118 1481 2157 ut
1508 2126 1560 2159 se
1584 2110 1809 2158 sustinet.

197 2180 254 2291 ἶ.
275 2179 406 2292 bNon
436 2187 600 2241 potest
627 2178 777 2227 ecfari
807 2187 1005 2226 tantum
1034 2176 1197 2237 dictis,
1224 2184 1469 2239 quantum
1495 2176 1642 2225 factis
1668 2176 1887 2239 suppetit

195 2287 202 2293 .
243 2260 272 2292 a
305 2260 420 2294 oris,

199 2344 438 2414 Quiesce
467 2346 647 2423 igitur
674 2352 732 2403 et
753 2346 959 2402 vulnus
988 2344 1175 2421 alliga.
1253 2343 1447 2401 Etiam
1478 2344 1527 2401 si
1555 2344 1889 2422 Eurypylus

198 2433 408 2503 posset,
435 2446 550 2483 non
579 2434 776 2503 posset
797 2427 1079 2503 Aesopus,

201 2555 261 2602 Ε.
312 2553 426 2611 Ubi,
449 2554 649 2601 fortuna
691 2554 928 2601 Hectoris
975 2562 1201 2601 nostram
1266 2567 1433 2602 acrem
1480 2552 1641 2601 aciem
1679 2553 1889 2601 inclina-

459 2625 561 2665 tam
598 2654 611 2667 .
655 2654 667 2667 .
709 2655 720 2666 .

201 2725 258 2774 et
291 2724 480 2773 cetera
512 2716 760 2794 explicat
788 2717 848 2773 in
884 2717 1098 2775 dolore.
1186 2717 1281 2775 Sic
1312 2726 1398 2775 est
1428 2718 1581 2774 enim
1610 2718 1891 2795 intempe-

201 2816 330 2853 rans
358 2797 622 2854 militaris
651 2798 711 2854 in
739 2798 883 2855 forti
905 2798 1028 2854 viro
1051 2797 1250 2875 gloria.
1336 2798 1493 2874 Ergo
1516 2797 1655 2855 hacc
1678 2807 1892 2855 vetera-

201 2897 310 2934 nus
342 2877 508 2934 miles
539 2878 728 2935 facere
762 2878 993 2955 poterit,
1026 2878 1235 2935 doctus
1267 2879 1354 2934 vir
1397 2878 1736 2955 sapiensque
1770 2898 1890 2934 non

201 2958 452 3033 poterit?
513 2957 617 3015 Ille
640 2978 772 3015 vero
795 2958 1000 3015 melius
1027 2977 1092 3014 ac
1114 2978 1231 3014 non
1256 2957 1449 3034 paullo
1475 2958 1724 3034 q'uidcm.
1792 2962 1887 3015 40.

203 3038 318 3095 Sed
367 3037 554 3095 adhuc
603 3037 676 3093 de
725 3038 1141 3094 consuetudine
1192 3038 1617 3094 exercitationis
1666 3038 1888 3114 loquor,

205 3117 464 3174 nondum
494 3117 566 3174 de
587 3117 808 3174 ratione
837 3124 896 3173 ct
929 3116 1225 3192 sapientia.
1299 3117 1581 3173 Aniculae
1610 3137 1778 3193 saepe
1808 3118 1889 3173 in-

205 3195 392 3251 ediam
426 3196 668 3253 biduum
704 3204 802 3253 aut
835 3195 1092 3252 triduum
1121 3196 1333 3252 ferunt.
1422 3195 1654 3253 Subduc
1691 3197 1885 3253 cibum
