2235 3581
250 192 310 238 74
468 175 1057 240 'ruscuLANARUM
1101 190 1701 242 DISPUTATIONUM

247 291 369 347 viro
397 291 657 367 turpius?
741 297 832 349 58.
872 290 1066 370 Atque
1098 292 1212 350 hoc
1246 299 1633 370 praeceptum,
1666 293 1823 370 quod
1856 294 1928 352 de

201 427 206 432 .
245 371 443 428 dolore
465 371 648 439 datur,
673 378 834 448 patet
861 373 1045 442 latius,
1113 372 1400 430 Omnibus
1422 374 1573 431 enim
1603 373 1789 445 rebuS,
1809 394 1927 432 non

245 452 432 508 solum
467 451 669 522 dolori,
707 451 881 508 simili
915 453 1287 510 contentione
1328 454 1505 511 animi
1547 454 1927 512 resistendum

245 539 346 589 est.
433 532 527 589 Ira
567 532 897 603 exardescit,
933 531 1115 588 libido
1158 533 1509 590 concitatur:
1561 535 1620 590 in
1664 535 1927 592 eamdem

243 631 432 668 arcem
462 612 913 688 confugiendum
945 619 1046 682 est,
1071 612 1271 669 cadem
1300 619 1434 670 sunt
1454 633 1613 670 arma
1634 615 1923 672 sumenda.

244 692 360 748 Sed
404 693 676 768 quoniam
719 693 790 749 de
836 691 1032 750 dolore
1081 692 1388 769 loquimur,
1432 693 1531 750 illa
1572 695 1923 752 omittamus,

247 772 342 828 Ad
371 773 673 829 ferendum
702 772 880 848 igitur
906 772 1163 829 dolorem
1194 772 1417 849 placide
1447 780 1506 830 et
1534 774 1729 831 sedate
1756 774 1929 850 pluri-

197 881 200 884 *
242 871 405 908 mum
435 852 664 928 proficit
691 859 817 910 toto
845 860 1094 929 pectore,
1121 860 1187 909 ut
1214 853 1441 924 dicitur,
1467 854 1719 930 cogitare
1755 874 1924 931 quam

233 933 305 988 -id
339 933 646 989 honestum
681 933 771 990 sit.
859 933 1068 990 Sumus
1103 934 1257 990 enim
1293 941 1511 1004 natura,
1543 941 1608 991 ut
1641 941 1773 991 ante
1806 933 1927 990 dixi

241 1012 636 1069 -dicendum
679 1020 766 1069 est
807 1013 961 1070 enim
1005 1014 1718 1089 saepius—studiosissimi
1760 1033 1929 1090 appe-

241 1093 666 1168 tentissimique
704 1092 1053 1150 honestatis:
1097 1093 1261 1149 cuius
1302 1094 1351 1150 si
1394 1094 1555 1171 quasi
1597 1093 1790 1152 lumen
1831 1094 1929 1151 ali-

244 1172 401 1248 quod
429 1175 769 1248 aspeximUS,
795 1172 940 1229 nihil
969 1181 1055 1230 est
1084 1173 1258 1250 quod,
1283 1180 1349 1231 ut
1378 1194 1447 1231 eo
1476 1175 1783 1251 potiamur,
1808 1194 1926 1231 non

241 1253 427 1328 parati
456 1253 634 1308 simus
656 1259 714 1309 et
741 1254 889 1310 ferre
918 1259 976 1310 et
1003 1254 1243 1330 perpeti.
1322 1254 1408 1310 Ex
1430 1254 1541 1312 hoc
1564 1274 1731 1312 cursu
1752 1262 1929 1331 atque

242 1333 464 1410 impetu
503 1333 824 1390 animorum
865 1333 939 1389 ad
975 1353 1165 1390 veram
1198 1332 1427 1390 laudem
1462 1343 1631 1412 atque
1666 1335 1929 1392 honesta-

242 1419 362 1469 tem
397 1412 494 1470 illa
527 1413 778 1489 pericula
809 1412 1092 1470 adeuntur
1124 1413 1185 1469 in
1221 1414 1480 1491 proeliis:
1524 1435 1643 1472 non
1672 1416 1928 1472 sentiunt

243 1493 350 1550 viri
378 1494 558 1552 fortes
586 1494 646 1550 in
676 1493 794 1551 acie
817 1493 1067 1565 vulnera,
1092 1493 1181 1551 vel
1210 1495 1483 1565 sentiunt,
1509 1496 1609 1553 sed
1636 1496 1785 1552 mori
1812 1515 1928 1552 ma-

241 1572 370 1630 lum:
399 1593 570 1651 quam
605 1580 830 1630 tantum
867 1574 1044 1630 modo
1077 1574 1150 1631 de
1186 1574 1485 1650 dignitatis
1518 1575 1699 1651 gradu
1736 1576 1929 1633 demo-

242 1654 376 1710 veri.
449 1660 540 1712 59.
580 1653 885 1730 Fulgentes
912 1653 1136 1731 gladios
1164 1654 1421 1712 hostium
1444 1655 1717 1713 videbant
1738 1656 1923 1727 Decii,

241 1753 374 1792 cum
403 1734 464 1790 in
492 1733 672 1792 aciem
697 1753 893 1792 eorum
922 1735 1231 1793 irruebant.
1304 1735 1417 1793 His
1437 1735 1662 1794 levabat
1694 1755 1925 1794 omnem

243 1815 541 1871 vulnerum
580 1822 799 1873 metum
841 1816 1111 1873 nobilitas
1153 1816 1356 1873 mortis
1394 1824 1453 1874 et
1484 1817 1681 1894 gloria.
1768 1817 1925 1875 Num

241 1902 369 1951 tum
395 1895 744 1971 ingemuisse
777 1896 1240 1973 Epaminondam
1272 1904 1457 1974 putas
1490 1917 1620 1955 cum
1644 1917 1767 1955 una
1793 1916 1925 1955 cum

242 1974 518 2051 sanguine
541 1975 718 2032 vitam
749 1976 974 2033 effluere
1003 1978 1277 2034 sentiret?
1360 1978 1748 2054 Imperantem
1771 1979 1924 2035 enim

240 2056 487 2133 patriam
521 2054 985 2113 Lacedaemoniis
1018 2056 1391 2134 relinquebat,
1426 2077 1597 2135 quam
1632 2066 1927 2136 acceperat

241 2136 596 2194 servientem.
682 2136 843 2193 Haec
876 2144 1010 2194 sunt
1043 2136 1267 2208 solacia,
1304 2137 1443 2195 haec
1481 2137 1744 2195 fomenta
1777 2158 1927 2195 sum-

240 2236 468 2274 morum
498 2215 777 2273 dolorum.

321 2297 517 2356 XXV.
597 2302 690 2353 60.
735 2296 925 2367 DiceS,
958 2296 1143 2373 quid
1127 2316 1187 2353 m
1216 2316 1373 2373 pace,
1407 2298 1547 2374 quid
1576 2246 1753 2390 domi,
1787 2298 1925 2375 quid

241 2378 302 2433 in
323 2377 566 2434 lectulo
552 2378 571 2419 2
630 2375 729 2433 Ad
750 2375 1129 2453 philosophos
1150 2397 1243 2435 me
1264 2397 1511 2449 revocaS,
1534 2379 1633 2456 qui
1660 2379 1721 2434 in
1744 2379 1923 2436 aciem

242 2476 358 2513 non
389 2477 555 2533 saepe
583 2456 885 2533 prodeunt.
957 2456 1006 2513 E
1037 2456 1245 2535 quibus
1273 2457 1450 2515 homo
1480 2478 1613 2516 sane
1643 2458 1782 2515 levis
1810 2458 1926 2516 He-

242 2537 513 2594 racleotes
545 2536 880 2612 DionysiuS,
912 2555 1043 2593 cum
1077 2557 1110 2593 a
1144 2537 1371 2595 Zenone
1412 2539 1584 2595 fortis
1626 2558 1745 2596 esse
1780 2539 1927 2596 didi-

241 2618 426 2685 cisset,
459 2636 493 2673 a
520 2615 716 2674 dolore
749 2616 1027 2675 dedoctus
1061 2624 1163 2675 est.
1250 2618 1401 2675 Nam
1430 2637 1561 2675 cum
1597 2639 1667 2677 ex
1695 2618 1926 2677 renibus

241 2696 538 2766 laboraret,
575 2696 702 2771 ipso
736 2696 795 2751 in
840 2695 1053 2754 eiulatu
1095 2698 1426 2755 clamitabat
1468 2699 1613 2757 falsa
1650 2718 1771 2757 esse
1810 2699 1923 2770 illa,

243 2795 386 2852 quae
416 2782 584 2832 antea
611 2774 682 2832 de
711 2776 906 2833 dolore
935 2778 1056 2854 ipse
1080 2779 1364 2836 sensisset.
1438 2778 1619 2848 Quem
1647 2798 1777 2836 cum
1800 2777 1927 2837 Cle-

241 2856 445 2913 anthes
478 2856 904 2932 condiscipulus
937 2866 1165 2933 rogaret
1195 2878 1475 2935 quaenam
1509 2860 1654 2917 ratio
1690 2879 1821 2917 eum
1853 2860 1925 2917 de

242 2936 526 2993 sententia
557 2936 902 3007 deduxisset,
933 2939 1262 3014 respondit:
1303 2940 1337 2966 “
1357 2938 1507 3007 Quia
1540 2940 1603 3010 si,
1636 2960 1769 2997 cum
1802 2947 1926 2997 tan-

240 3024 366 3073 tum
410 3036 614 3093 operae
656 3015 1056 3094 philosophiae
1098 3017 1398 3086 dedissem,
1430 3019 1686 3078 dolorem
1728 3026 1921 3077 tamen

240 3096 389 3153 ferre
423 3116 538 3153 non
572 3116 817 3172 possem,
850 3097 986 3153 satis
1020 3105 1169 3155 esset
1200 3101 1522 3175 argumenti
1556 3100 1771 3157 malum
1802 3120 1923 3157 esse

240 3176 514 3233 dolorem.
592 3176 880 3233 Plurimos
903 3184 1094 3234 autem
1117 3197 1297 3235 annos
1321 3179 1379 3235 in
1402 3180 1769 3257 philosophia
1791 3200 1922 3238 con·
1976 3179 1985 3185 ’

241 3257 458 3333 sumpsi
495 3276 598 3313 nec
633 3256 782 3313 ferre
808 3276 1078 3333 possum.
1124 3259 1336 3315 malum
1374 3267 1459 3316 cst
1494 3260 1671 3333 igitur
1698 3260 1878 3319 dolor.
1887 3258 1920 3289 ”
