2235 3581
235 177 298 225 84
457 174 1053 226 TUSCULANARUM
1097 173 1700 226 DISPUTATIONUM

314 281 391 339 M.
429 281 768 338 Humanum
790 279 853 337 id
873 279 1125 357 quidem,
1145 279 1301 356 quod
1321 279 1405 338 ita
1424 279 1731 337 existimas
1784 278 1923 338 Non

234 362 389 419 enim
420 361 577 418 silice
605 361 728 417 nati
757 380 970 431 sumuS,
1003 359 1101 416 sed
1132 366 1219 417 est
1246 365 1451 417 natura
1476 359 1597 416 fere
1624 359 1685 415 in
1716 359 1925 417 animis

231 449 493 500 tenerum
515 441 790 518 quiddam
810 447 982 518 atque
999 439 1191 510 molle,
1210 439 1367 517 quod
1381 439 1742 516 aegritudine
1760 440 1923 517 quasi

233 528 576 599 tempestate
607 521 910 599 quatiatur.
998 520 1121 577 Nec
1150 519 1393 577 absurde
1414 519 1663 576 Crantor
1688 518 1800 589 ille,
1822 520 1923 596 qui

232 603 294 660 in
322 609 518 659 nostra
538 601 856 659 Academia
876 601 964 657 vel
991 601 1053 656 in
1087 600 1291 676 primis
1324 599 1441 656 fuit
1472 599 1716 657 nobilis:
1764 601 1797 626 ‘⁴
1818 601 1924 656 Mi·

232 681 423 740 nime”
458 682 649 758 inquit
685 682 718 708 ‘⁴
739 681 1030 738 adsentior
1062 680 1149 750 iis,
1184 680 1283 757 qui
1316 680 1487 736 istam
1520 681 1713 737 nescio
1749 699 1921 758 quam

233 762 612 820 indolentiam
651 779 866 837 magno
909 779 1082 836 opere
1124 760 1377 830 laudant,
1416 779 1559 837 quae
1592 779 1697 818 nec
1730 766 1924 837 potest
1979 827 1984 830 ¹

233 842 350 900 ulla
376 861 496 899 esse
523 861 628 898 nec
652 840 848 898 debet..
917 840 1006 897 Ne
1037 847 1307 917 aegrotus
1336 840 1479 898 sim:
1516 840 1604 896 sin
1634 840 1775 916 quid
1801 841 1925 898 fue-

233 922 326 992 rit,
345 941 544 978 sensus
573 921 740 993 adsit,
757 921 876 978 sive
899 928 1121 978 secetur
1142 920 1284 997 quid
1312 920 1429 978 sive
1458 919 1730 978 avellatur
1750 940 1785 978 a
1804 940 1924 978 cor-

233 1001 426 1079 pore.”
498 1001 650 1058 Nam
679 1001 826 1058 istuc
849 1000 1001 1057 nihil
1031 1000 1225 1058 dolere
1250 1019 1369 1057 non
1400 1001 1521 1058 sine
1548 1019 1760 1077 magna
1780 1019 1924 1058 mer-

234 1082 372 1139 cede
418 1081 722 1158 contingit,
765 1081 1145 1138 immanitatis
1190 1081 1252 1137 in
1304 1081 1515 1150 animo,
1564 1081 1815 1158 stuporis
1858 1081 1921 1137 in

234 1180 503 1239 corpore·
564 1167 655 1219 13.
699 1160 813 1218 Sed
835 1161 1133 1218 videamus
1160 1179 1231 1218 ne
1259 1161 1401 1218 haec
1422 1161 1607 1218 oratio
1636 1161 1713 1217 sit
1739 1159 1923 1218 homi-

233 1262 373 1299 num
404 1241 840 1299 adsentantium.
863 1248 1093 1298 nostrae
1127 1241 1511 1298 imbecillitati
1538 1248 1596 1298 et
1624 1240 1924 1318 indulgen·

234 1323 381 1379 tium
423 1321 796 1392 mollitudini,
839 1341 946 1379 nos
989 1329 1181 1378 autem
1224 1321 1533 1380 audeamus
1574 1339 1689 1390 non
1736 1321 1923 1378 solum

233 1420 424 1460 ramos
482 1408 779 1479 amputare
835 1402 1213 1472 miseriarum,
1254 1401 1355 1458 sed
1411 1419 1610 1460 omnes
1664 1400 1921 1458 radicum

233 1481 403 1540 fibras
433 1483 684 1540 evellere.
762 1482 981 1540 Tamen
1015 1481 1236 1558 aliquid
1269 1481 1621 1558 relinquetur
1648 1481 1920 1538 fortasse:

233 1563 316 1620 ita
358 1570 492 1620 sunt
533 1564 682 1620 altae
725 1563 932 1639 stirpes
969 1562 1280 1620 stultitiae:
1306 1561 1427 1619 ‘sed
1466 1561 1821 1638 relinquetur
1860 1561 1923 1618 id

235 1643 438 1715 solum,
472 1644 629 1720 quod
657 1643 766 1701 erit
791 1643 1189 1700 necessarium.
1270 1641 1423 1699 Illud
1452 1641 1683 1718 quidem
1714 1641 1796 1698 sic
1825 1640 1922 1698 ha·

233 1723 387 1796 beto,
435 1724 546 1781 nisi
583 1730 812 1780 sanatus
862 1723 1088 1780 animus
1150 1723 1241 1793 sit,
1288 1721 1445 1799 quod
1498 1721 1619 1779 sine
1672 1721 1925 1799 philoso-

234 1804 374 1883 phia
400 1804 523 1863 fieri
551 1823 668 1861 non
696 1810 906 1881 potest,
935 1804 1112 1861 finem
1139 1804 1496 1861 miseriarum
1527 1801 1748 1859 nullum
1776 1802 1918 1859 fore.

231 1884 422 1953 Quam
459 1884 534 1941 ob
567 1904 705 1956 rem,
744 1884 1017 1961 quoniam
1055 1883 1368 1960 coepimuS,
1404 1882 1697 1939 tradamus
1728 1901 1837 1940 nos
1870 1883 1923 1939 ei

235 1964 548 2022 curandos:
611 1964 953 2035 sanabimur,
999 1964 1047 2021 si
1096 1963 1369 2021 volemus,
1452 1961 1533 2019 Et
1589 1961 1925 2039 progrediar

237 2045 471 2122 quidem
517 2044 778 2121 longius:
831 2062 950 2101 non
995 2044 1151 2101 enim
1196 2044 1269 2100 de
1313 2042 1672 2119 aegritudine
1716 2041 1920 2113 solum,

124 2177 133 2186 .
239 2144 586 2203 quamquam
621 2124 681 2181 id
713 2124 948 2202 quidem
981 2124 1252 2200 primum,
1290 2123 1392 2180 sed
1425 2122 1497 2179 de
1530 2122 1689 2179 omni
1724 2122 1919 2193 animi,

233 2212 302 2263 ut
331 2224 438 2281 ego
467 2206 652 2283 posui,
678 2204 1124 2282 perturbatione,
1143 2203 1366 2273 morb0‚
1391 2209 1457 2259 ut
1476 2201 1681 2259 Graeci
1702 2201 1920 2279 volunt,

235 2285 550 2364 explicabo.
623 2284 700 2342 Et
721 2285 926 2362 primo,
951 2285 1001 2341 si
1028 2283 1233 2361 placet,
1258 2282 1586 2342 Stoicorum
1614 2300 1773 2339 more
1796 2300 1923 2358 agaa-

234 2384 380 2437 muS,
399 2366 498 2443 qui
515 2365 764 2423 breviter
779 2366 1090 2440 astringere
1109 2364 1295 2421 solent
1312 2370 1677 2439 argumenta:
1714 2360 1923 2419 deinde

235 2453 433 2503 nostro
463 2446 731 2503 instituto
756 2441 1105 2521 vagabimur.

316 2525 453 2583 VII.
535 2529 626 2581 14.
665 2524 779 2593 Qui
805 2524 975 2581 fortis
1003 2531 1106 2595 est,
1131 2524 1287 2581 idem
1316 2529 1404 2580 est
1429 2521 1627 2593 fidene,
1650 2521 1921 2598 quoniam

235 2604 530 2662 confidens
557 2604 708 2661 mala
740 2604 1157 2661 consuetudine
1190 2602 1467 2680 loquendi
1498 2602 1559 2659 in
1588 2602 1732 2659 vitio
1758 2602 1923 2678 poni-

234 2692 344 2754 tur,
377 2684 615 2741 ductum
652 2684 885 2741 verbum
921 2704 956 2741 a
989 2682 1349 2753 confidendO,
1388 2682 1544 2759 quod
1585 2680 1773 2738 laudis
1814 2687 1915 2738 est.

236 2764 350 2833 Qui
395 2770 588 2822 autem
635 2771 723 2821 est
765 2763 964 2835 fidens,
1012 2764 1061 2819 is
1106 2763 1369 2839 profecto
1418 2781 1537 2818 non
1582 2760 1919 2819 extimescit.

235 2844 541 2921 Discrepat
562 2844 716 2901 enim
737 2864 772 2902 a
793 2844 1052 2901 timendo
1081 2841 1381 2900 confidere.
1453 2841 1640 2919 Atqui
1666 2842 1727 2898 in
1752 2858 1922 2917 quem

237 2925 393 2982 cadit
413 2924 733 3001 aegritudo,
757 2926 818 2980 in
841 2924 1108 2981 eumdem
1131 2922 1319 2979 timor.
1388 2920 1645 2989 Quarum
1668 2921 1822 2978 enim
1845 2939 1924 2976 re—

235 3006 363 3061 rum
387 3006 708 3082 praesentia
737 3024 932 3060 sumus
960 3004 1022 3059 in
1044 3001 1419 3079 aegritudine,
1446 3001 1675 3059 easdem
1704 3001 1925 3077 impen-

237 3081 438 3141 dentes
471 3092 530 3141 et
563 3085 856 3141 venientes
890 3084 1176 3140 timemus.
1263 3080 1355 3138 Ita
1390 3080 1458 3138 fit
1490 3087 1557 3138 ut
1588 3079 1924 3137 fortitudini

237 3163 537 3239 aegritudo
565 3170 860 3241 repugnet.
935 3162 1074 3220 Veri
1104 3160 1291 3218 simile
1318 3168 1405 3218 est
1433 3161 1627 3236 igitur,
1660 3160 1721 3216 in
1752 3178 1923 3235 quem

239 3242 406 3300 cadat
447 3243 764 3318 aegritudO,
797 3243 996 3299 cadere
1029 3242 1086 3297 in
1134 3240 1401 3297 eumdem
1445 3240 1713 3297 timorem
1750 3246 1809 3295 et
1842 3239 1926 3295 in-
