2235 3581
591 177 732 248 pm.
766 177 856 238 v.‚
888 176 1046 226 CAP.
1078 175 1631 229 xxxv.-xxxvu.
1862 179 1957 227 183

267 280 330 336 in
372 277 578 354 vulgus
618 285 678 337 et
714 278 870 350 haec,
908 297 1052 355 quae
1095 278 1402 356 expetitur,
1438 279 1623 355 gloria
1661 279 1955 338 molestiae

268 358 478 416 habeat
505 378 678 436 quam
708 358 1035 435 voluptatis·
1121 357 1423 416 Leviculus
1456 377 1591 416 sane
1622 365 1819 416 noster
1844 359 1958 418 De-

269 439 614 510 mostheneS,
633 439 732 516 qui
754 438 853 496 illo
875 457 1104 496 susurro
1128 438 1397 496 delectari
1418 458 1477 496 se
1498 439 1727 496 dicebat
1748 458 1953 517 aquam

269 519 508 577 ferentis
541 519 922 588 mulierculae,
953 526 1019 575 ut
1051 538 1179 576 mos
1212 519 1273 576 in
1306 518 1545 576 Graecia
1577 527 1679 590 est,
1708 520 1958 578 insusur-

269 600 562 676 rantisque
611 599 806 656 alteri:
857 598 978 654 Hic
1025 605 1106 655 est
1153 599 1255 654 ille
1296 599 1715 656 Demosthenes.
1802 599 1958 668 Quid

270 679 381 737 hoc
425 679 644 737 levius?
725 679 811 737 At
856 685 1104 755 quantus
1150 680 1368 736 orator!
1452 678 1567 736 Sed
1611 680 1769 756 apud
1816 680 1957 737 alios

267 759 429 836 loqui
473 759 738 818 videlicet
782 759 1076 830 didicerat,
1117 778 1235 816 non
1282 759 1530 816 multum
1575 759 1699 836 ipse
1744 779 1952 817 secum.

274 845 408 897 104.
455 839 914 916 Intellegendum
957 845 1046 898 est
1077 839 1259 916 igitur
1297 857 1403 896 nec
1444 838 1688 917 gloriam
1721 840 1958 917 popula-

269 939 391 978 rem
431 919 620 996 ipsam
653 939 756 996 per
795 938 920 978 sese
961 918 1341 996 expetendam
1383 939 1491 977 nec
1532 916 1953 996 ignobilitatem

270 1000 771 1058 extimescendam.
867 999 1006 1056 Veni
1034 999 1311 1072 Athena-3,
1341 999 1535 1077 inquit
1568 999 1953 1072 Democritus,

269 1099 448 1153 neque
474 1099 562 1136 me
589 1080 898 1154 quisquam
927 1080 1008 1136 ihi
1036 1080 1287 1152 aynovit.
1373 1079 1753 1138 Constantem
1775 1081 1959 1138 homi-

269 1179 404 1217 nem
450 1167 509 1218 et
549 1179 798 1235 gravem,
837 1160 936 1236 qui
981 1160 1261 1237 glorietur
1303 1178 1339 1216 a
1380 1160 1563 1236 gloria
1606 1180 1667 1218 se
1710 1161 1955 1219 afuisse!

269 1239 367 1296 An
389 1239 658 1298 tibicines
685 1241 857 1317 iique,
880 1240 980 1317 qui
1001 1239 1214 1297 fidibus
1242 1246 1499 1312 utuntur,
1525 1259 1646 1311 su0,
1668 1259 1787 1298 non
1814 1242 1959 1298 mul-

271 1320 538 1378 titudinis
593 1319 828 1378 arbitrio
877 1326 1078 1378 cantus
1122 1338 1503 1398 numerosque
1550 1320 1955 1379 moderantur:

271 1401 358 1458 vir
401 1400 627 1478 sapiens
669 1400 856 1458 multo
900 1407 1020 1458 arte
1059 1401 1277 1457 maiore
1319 1399 1613 1477 praeditus
1654 1419 1774 1458 non
1816 1402 1957 1480 quid

271 1481 631 1538 verissimum
664 1481 755 1551 sit,
781 1481 882 1538 sed
916 1480 1056 1557 quid
1083 1480 1223 1538 velit
1250 1481 1455 1558 vulgus
1488 1481 1779 1558 exquiret?
1858 1484 1955 1539 An

272 1561 587 1638 quidquam
629 1560 862 1618 stultius
897 1579 1086 1638 quam,
1113 1578 1257 1637 quos
1291 1560 1549 1638 singulos
1583 1561 1731 1618 sicut
1764 1579 1959 1638 opera-

270 1642 387 1698 rios
421 1640 801 1718 barbarosque
835 1647 1186 1711 contemnaS,
1218 1659 1317 1697 eos
1350 1641 1567 1718 aliquid
1600 1648 1802 1718 putare
1836 1661 1957 1700 esse

271 1721 602 1778 universos?
683 1720 787 1779 Ille
810 1740 942 1778 vero
964 1727 1189 1780 nostras
1216 1720 1561 1779 ambitiones
1582 1720 1957 1801 levitatesque

271 1808 604 1859 contemnet
624 1800 982 1879 honoresque
1011 1800 1214 1879 populi
1242 1802 1415 1859 etiam
1449 1802 1601 1860 ultro
1630 1802 1851 1861 delatos
1877 1823 1961 1861 re·

276 1881 574 1959 pudiabit:
618 1900 725 1939 nos
763 1886 956 1937 autem
991 1899 1090 1939 eos
1128 1878 1429 1948 nescimuS,
1462 1884 1593 1935 ante
1629 1896 1799 1954 quam
1834 1896 1964 1954 poe—

275 1963 458 2021 nitere
500 1961 708 2038 coepit,
740 1967 1122 2019 contemnere.
1211 1965 1343 2016 105.
1379 1957 1487 2015 Est
1526 1958 1683 2035 apud
1715 1957 1964 2015 Heracli-

276 2048 402 2099 tum
431 2041 736 2119 physicum
767 2040 840 2099 de
867 2040 1129 2119 principe
1156 2039 1541 2117 Ephesiorum
1563 2038 1963 2095 Hermodoro:

276 2123 572 2181 universos
607 2122 690 2181 ait
720 2120 1004 2200 Ephesios
1042 2139 1165 2178 esse
1197 2126 1387 2177 morte
1419 2118 1766 2190 multandOS,
1792 2118 1965 2195 quod,

277 2221 411 2259 cum
465 2202 696 2258 civitate
753 2199 1100 2276 expellerent
1154 2198 1601 2268 Hermodorum,
1650 2198 1732 2254 ita
1786 2197 1964 2255 locuti

279 2282 426 2339 sint:
469 2280 660 2337 Nemo
687 2280 754 2337 de
786 2279 945 2336 nobis
973 2297 1126 2335 unus
1154 2278 1385 2335 excellat
1405 2296 1423 2334 .·
1466 2277 1559 2334 sin
1587 2278 1718 2350 quis
1752 2278 1964 2334 exstite-

276 2364 374 2432 rit,
399 2361 516 2417 alio
549 2361 613 2416 in
648 2360 763 2416 loco
805 2368 858 2415 et
889 2359 1050 2432 apud
1089 2359 1236 2415 alios
1276 2358 1367 2415 sit.
1452 2356 1550 2414 An
1584 2356 1696 2413 hoc
1729 2375 1845 2413 non
1882 2358 1965 2414 ita

276 2440 346 2499 fit
379 2440 537 2498 omni
571 2441 631 2497 in
659 2439 914 2518 populo?
995 2437 1206 2495 Nonne
1239 2456 1472 2495 omnem
1506 2436 1961 2513 exsuperantiam

278 2522 506 2579 virtutis
557 2520 842 2579 oderunt?
932 2518 1130 2588 Quid?
1211 2516 1757 2575 Aristides—malo
1807 2518 1961 2574 enim

277 2601 626 2659 Graecorum
670 2618 842 2677 quam
883 2604 1082 2657 nostra
1122 2598 1675 2675 proferre—nonne
1720 2596 1795 2655 ob
1837 2616 1964 2655 eam

279 2700 507 2739 causam
557 2680 826 2759 expulsus
874 2685 961 2736 est
1003 2679 1206 2755 patria,
1249 2678 1406 2755 quod
1454 2684 1677 2754 praeter
1722 2677 1963 2735 modum

278 2761 465 2821 iustus
509 2761 694 2818 esset?
776 2759 1020 2829 Quantis
1063 2758 1243 2835 igitur
1291 2757 1572 2815 molestiis
1616 2765 1820 2817 vacant
1866 2758 1965 2834 qui

279 2841 426 2898 nihil
475 2841 712 2898 omnino
767 2859 899 2898 cum
947 2838 1167 2916 populo
1216 2837 1592 2896 contrahunt!
1676 2836 1833 2905 Quid
1880 2845 1967 2895 est

279 2922 436 2979 enim
479 2921 702 2979 dulcius
743 2920 864 2979 otio
897 2918 1192 2977 litterato?
1232 2918 1305 2974 iis
1338 2917 1473 2977 dico
1501 2916 1725 2988 litteris,
1757 2917 1967 2995 quibus

278 3000 626 3059 infinitatem
655 3020 845 3058 rerum
873 3006 1048 3076 atque
1074 3005 1310 3055 naturae
1338 3004 1399 3055 et
1425 2997 1484 3053 in
1506 2996 1619 3054 hoc
1648 2997 1775 3073 ipso
1804 3017 1968 3056 mun-

281 3081 358 3139 do
387 3080 624 3151 caelum,
647 3088 840 3151 terras,
861 3079 1041 3137 maria
1069 3077 1483 3155 cognoscimus

361 3160 690 3220 XXXVII..
773 3166 905 3218 106.
950 3158 1307 3234 Contempto
1349 3157 1529 3234 igitur
1563 3156 1799 3228 honore,
1836 3176 1969 3215 con-

281 3248 506 3319 tempta
550 3242 724 3299 etiam
765 3240 1010 3318 pecunia
1053 3238 1197 3316 quid
1240 3237 1583 3315 relinquitur
1627 3237 1786 3313 quod
1828 3238 1968 3295 exti-
