2235 3581
634 216 774 266 LIB.
814 215 911 278 11.‚
943 215 1099 266 CAP.
1130 215 1579 266 XXIV.-xxv1.
1894 217 1958 265 ⁷5

269 316 421 374 Tum
455 316 789 390 Cleanthen,
827 337 958 375 cum
995 318 1145 395 pede
1178 325 1387 375 terram
1422 316 1808 395 percussisset,
1840 335 1959 375 ver-

271 417 397 454 sum
427 417 496 455 ex
524 397 804 475 Epigonis
831 399 1029 456 ferunt
1055 399 1301 456 dixisse:

465 521 694 572 Audisne
715 522 856 584 haec,
879 523 1186 586 Amphiarai}
1211 523 1302 570 sub
1327 533 1511 572 terram
1534 523 1739 572 abdite?

271 637 558 694 Zenonem
603 633 978 712 significabat,
1014 655 1048 692 a
1083 653 1198 712 quo
1231 634 1394 693 illum
1430 635 1772 712 degenerare
1806 634 1961 692 dole-

269 716 386 774 bat.
474 721 566 773 61.
604 715 690 773 At
720 735 838 772 non
882 722 1077 772 noster
1117 715 1485 785 PosidoniuS,
1524 734 1695 792 quem
1739 720 1797 772 et
1833 715 1959 791 ipse

271 817 440 874 saepe
474 796 594 852 vidi
636 803 695 853 et
732 796 794 852 id
836 796 1042 866 dicam,
1068 796 1227 872 quod
1268 795 1489 853 solebat
1528 815 1631 852 nal
1632 815 1751 852 rare
1786 795 1958 852 Pom-

269 877 452 954 peiuS,
489 896 564 946 se,
601 894 734 934 cum
768 875 1040 932 Rhodum
1071 877 1320 933 venisset
1354 875 1635 933 decedens
1668 895 1738 932 cx
1773 875 1955 952 Syria,

271 957 468 1014 audire
501 956 748 1013 voluisse
785 955 1186 1027 Posidonium,
1219 956 1320 1012 sed
1358 975 1487 1012 cum
1534 955 1787 1013 audisset
1825 975 1953 1013 eum

271 1037 520 1113 graviter
547 1055 668 1094 esse
696 1055 832 1114 aeg1
833 1055 948 1107 um,
974 1036 1133 1113 quod
1154 1035 1525 1094 vehementer
1550 1036 1672 1093 eius
1700 1043 1856 1092 artus
1883 1035 1959 1092 la-

271 1117 556 1188 borarent,
581 1116 826 1174 voluisse
857 1126 1053 1173 tamen
1087 1115 1511 1173 nobilissimum
1545 1116 1956 1194 philosophum

271 1198 486 1254 visere:
532 1216 704 1274 quem
736 1204 805 1254 ut
835 1197 1074 1254 vidisset
1107 1204 1167 1254 et
1208 1196 1567 1254 salutavisset
1606 1195 1961 1253 honorificis-

274 1297 386 1354 que
419 1277 606 1334 verbis
650 1283 986 1354 prosecutus
1036 1283 1185 1334 esset
1230 1277 1583 1354 molesteque
1625 1296 1683 1332 se
1722 1277 1961 1333 dixisset

272 1358 441 1428 ferre,-
486 1357 642 1434 quod
691 1377 822 1414 eum
869 1376 984 1413 non
1029 1364 1226 1433 posset
1266 1357 1479 1428 audire,
1524 1364 1584 1413 at
1626 1356 1753 1413 ille:
1816 1355 1959 1413 “Tu

272 1437 463 1508 vero,''
500 1438 706 1514 inquit,
741 1438 972 1515 “potes,
1010 1456 1114 1494 nec
1149 1437 1510 1496 committam
1546 1443 1611 1493 ut
1644 1436 1808 1492 dolor
1840 1455 1961 1492 cor-

272 1519 431 1596 poris
473 1517 681 1575 efficiat
722 1525 786 1576 ut
828 1518 1041 1574 frustra
1081 1524 1279 1574 tantus
1312 1518 1399 1574 vir
1440 1517 1513 1573 ad
1553 1536 1647 1573 mc
1681 1515 1955 1573 venerit.”

274 1598 478 1675 Itaque
506 1597 771 1656 narrabat
799 1617 930 1655 eum
959 1599 1211 1674 graviter
1238 1606 1295 1655 et
1317 1598 1548 1674 copiose
1577 1597 1649 1654 de
1678 1595 1788 1653 hoc
1812 1596 1956 1672 ips0,

274 1678 420 1735 nihil
443 1698 563 1736 esse
585 1678 802 1736 bonum
825 1679 935 1735 nisi
955 1678 1113 1756 quod
1134 1685 1282 1735 esset
1303 1677 1626 1747 honestum,
1652 1676 1959 1734 cubantem

275 1759 672 1836 disputavisse,
697 1779 942 1837 cumque
977 1759 1140 1837 quasi
1173 1759 1329 1817 faces
1362 1758 1415 1817 ei
1449 1758 1663 1816 doloris
1696 1757 1961 1815 admove-

275 1848 488 1912 rentur,
514 1860 680 1917 saepe
710 1840 948 1897 dixisse:
987 1841 1022 1867 “
1041 1840 1205 1897 Nihil
1233 1840 1371 1917 agis,
1393 1839 1573 1911 dolor,
1596 1840 1855 1917 quamvis
1884 1839 1961 1896 sis

274 1920 567 1990 molestus,
598 1940 914 1998 numquam
943 1928 1000 1977 te
1030 1940 1151 1977 esse
1186 1920 1503 1977 confitebor
1528 1919 1799 1978 malum.''

357 2000 584 2059 XXVI.
665 2007 756 2058 62.
794 2001 1165 2077 Omninoque
1194 2020 1393 2057 omnes
1422 2000 1557 2057 clari
1584 2008 1643 2058 et
1670 1999 1961 2057 nobilitati

276 2080 498 2139 labores
520 2080 797 2139 continuo
819 2081 966 2138 fiunt
995 2081 1171 2138 etiam
1200 2080 1539 2138 tolerabiles
1604 2080 1961 2138 Videmusne

276 2161 433 2238 apud
455 2181 599 2239 quos
627 2180 824 2218 eorum
853 2161 1140 2232 ludorum,
1166 2161 1267 2239 qui
1287 2160 1545 2237 gymnici
1573 2161 1959 2230 nominantur,

276 2260 521 2319 magnus
548 2242 735 2298 honos
764 2242 855 2312 sit,
885 2240 1106 2298 nullum
1138 2241 1211 2299 ab
1238 2241 1325 2311 iis,
1358 2241 1458 2317 qui
1490 2240 1549 2297 in
1580 2240 1641 2297 id
1674 2246 1960 2297 certamen

277 2321 644 2393 descendant,
676 2322 918 2379 devitari
951 2321 1248 2379 dolorem?
1290 2321 1445 2399 apud
1474 2340 1618 2398 quos
1652 2327 1843 2377 autem
1873 2339 1964 2375 ve-

277 2402 456 2459 nandi
497 2408 556 2460 et
597 2402 896 2479 equitandi
937 2402 1062 2459 laus
1102 2402 1277 2478 viget,
1316 2401 1415 2478 qui
1456 2400 1605 2457 hanc
1645 2404 1959 2477 petessant,

277 2481 499 2539 nullum
527 2482 765 2559 fugiunt
786 2481 1058 2539 dolorem.
1120 2481 1275 2549 Quid
1298 2480 1370 2538 de
1398 2480 1609 2537 nostris
1638 2479 1965 2537 ambitioni-

277 2562 404 2634 buS,
430 2562 569 2639 quid
599 2563 670 2620 de
698 2562 1015 2639 cupiditate
1048 2562 1336 2619 honorum
1364 2561 1611 2653 loquar?
1636 2579 1778 2637 quac
1806 2559 1965 2616 flam-

277 2661 376 2699 ma
409 2650 496 2700 est
527 2663 632 2720 per
659 2662 830 2721 quam
863 2662 983 2699 non
1017 2648 1387 2699 cucurrerunt
1420 2642 1479 2712 ii,
1518 2641 1617 2718 qui
1649 2641 1789 2698 haec
1824 2640 1963 2697 olim

276 2723 508 2800 punctis
537 2722 778 2801 singulis
799 2722 1183 2799 colligebant?
1265 2721 1469 2799 Itaque
1498 2740 1722 2798 semper
1743 2720 1965 2778 Africa-

277 2822 387 2860 nus
421 2802 777 2860 Socraticum
813 2802 1316 2880 Xenophontem
1301 2822 1361 2858 ιιι
1392 2801 1656 2859 manibus
1683 2788 1961 2858 habebat:

277 2883 440 2940 cuius
468 2883 528 2940 in
563 2884 764 2961 primis
798 2882 1069 2940 laudabat
1099 2882 1261 2953 illud,
1295 2881 1450 2959 quod
1485 2881 1699 2939 diceret
1732 2880 1962 2938 eosdem

276 2961 499 3020 labores
532 2984 650 3021 non
688 2983 866 3041 aeque
907 2982 1108 3040 graves
1150 2982 1270 3019 esse
1312 2961 1646 3038 imperatori
1680 2968 1738 3018 et
1770 2960 1960 3030 militi,

277 3043 479 3120 quod
463 3063 586 3120 ipsc
613 3044 801 3101 honos
833 3042 1088 3100 laborem
1117 3042 1390 3100 leviorem
1418 3041 1633 3099 faceret
1660 3041 1965 3115 imperato-

276 3123 443 3181 rium.
532 3130 624 3182 63.
671 3124 785 3182 Sed
818 3131 1012 3182 tamen
1048 3123 1159 3180 hoc
1194 3123 1383 3180 evenit
1416 3128 1482 3179 ut
1510 3122 1571 3178 in
1601 3119 1846 3196 vulgus
1831 3118 1965 3174 msi-

277 3203 562 3281 pientium
587 3204 792 3297 opinio
821 3204 1006 3262 valeat
1034 3203 1368 3274 honestatis,
1400 3221 1531 3258 cum
1559 3201 1743 3278 ipsam
1772 3199 1962 3255 videre

277 3302 394 3340 non
446 3286 686 3361 possint.
775 3284 976 3361 Itaque
1019 3286 1176 3341 fama
1217 3289 1275 3340 et
1319 3280 1707 3337 multitudinis
1748 3278 1962 3335 iudicio
