2235 3581
799 171 939 240 11113,
971 171 1075 234 ,11.,
1109 170 1265 221 CAP.
1300 171 1366 231 1.‚
1403 171 1473 218 11.
1952 171 2016 218 53

327 273 688 350 eloquentiae
717 277 806 330 est
839 271 1200 328 audientium
1230 271 1757 348 approbatio—sed
1786 274 1832 331 si
1860 293 2017 351 repe-

327 354 622 412 riebantur
653 372 772 410 non
807 351 952 409 nulli
981 351 1079 428 qui
1113 351 1257 409 nihil
1292 351 1591 412 laudarent
1625 353 1734 409 nisi
1764 353 1921 430 quod
1955 373 2014 411 se

326 435 558 492 imitari
594 452 764 511 posse
815 431 1186 502 confiderent,
1236 452 1521 510 quemque
1568 433 1834 510 sperandi
1884 433 2011 506 sibi,

327 514 596 571 eum-lem
643 513 786 570 bene
829 511 1058 568 dicendi
1098 511 1273 571 finem
1315 521 1719 591 proponerent,
1760 521 1835 585 et,
1880 533 2013 572 cum

327 593 704 652 obruerentur
737 593 906 670 copia
940 597 1351 651 sententiarum
1388 602 1559 670 atque
1587 592 1907 665 verborum,
1939 595 2014 652 ie-

326 673 630 730 iunitatem
660 681 718 730 et
745 673 960 731 famem
999 693 1058 731 se
1086 673 1255 730 malle
1286 693 1457 750 quam
1486 672 1805 730 ubertatem
1836 682 1895 731 et
1923 693 2014 731 co—

325 753 480 829 piam
518 753 789 823 dicerent,
827 753 980 810 unde
1017 759 1138 810 erat
1172 760 1436 811 exortum
1459 772 1652 829 genus
1679 753 2011 811 Atticorum

326 833 398 889 iis
424 833 716 910 ipsiS,'qui
748 833 812 890 id
839 834 1002 910 sequi
1035 853 1094 891 se
1131 832 1565 910 profitebantur,
1596 834 1881 910 ignotum,
1913 835 2013 911 qui

327 913 442 968 iam
477 913 878 971 conticuerunt
918 933 1099 990 paene
1142 913 1215 970 ab
1258 913 1387 990 ipso
1415 913 1547 970 foro
1587 913 1751 985 irrisi,
1784 918 1837 971 4.
1872 915 2011 991 quid

325 993 588 1049 futurum
621 1000 908 1070 putamuS,
940 1012 1074 1051 cum
1107 993 1371 1051 adiutore
1404 993 1641 1070 populo,
1674 1013 1799 1072 quo*
1818 994 2011 1052 uteba-

325 1091 456 1128 mur
491 1077 674 1143 antea,
711 1092 864 1130 nunc
907 1073 1149 1130 minime
1193 1093 1301 1130 nos
1344 1075 1428 1131 uti
1473 1093 1641 1151 posse
1680 1074 2012 1132 videamus?

327 1151 430 1209 Est
452 1153 606 1209 enim
627 1152 998 1230 philosophia
1023 1155 1223 1230 paucis
1243 1161 1517 1211 contenta
1544 1154 1845 1226 iudicibuS,
1868 1154 2008 1211 mul-

327 1232 636 1290 titudinem
666 1234 930 1291 consulto
959 1234 1084 1311 ipsa
1104 1234 1337 1310 fugiens
1365 1234 1531 1312 eique
1548 1235 1672 1310 ipsi
1701 1241 1760 1292 et
1790 1253 2009 1312 suspec—

325 1319 386 1369 ta
409 1319 467 1370 et
493 1313 693 1384 invisa,
719 1321 800 1384 ut,
825 1314 913 1370 vel
943 1315 990 1371 si
1014 1315 1143 1391 quis
1164 1315 1485 1372 universam
1509 1314 1648 1372 velit
1670 1315 2007 1392 vituperare,

325 1393 576 1450 secundo
604 1393 666 1450 id
694 1393 912 1470 populo
934 1394 1122 1451 facere
1151 1395 1353 1471 possit,
1378 1394 1467 1450 vel
1501 1394 1549 1450 si
1578 1395 1638 1450 in
1668 1414 1811 1464 eam,
1838 1413 2009 1471 quam

323 1491 432 1529 nos
489 1473 740 1530 maxime
791 1474 1098 1550 sequimur,
1160 1481 1399 1531 conetur
1456 1474 1741 1544 invadere,
1801 1493 2011 1550 magna

323 1552 532 1610 habere
572 1553 756 1628 possit
805 1553 1017 1611 auxilia
1064 1574 1100 1610 a
1139 1554 1486 1630 reliquorum
1529 1553 2010 1631 philosophorum

325 1632 658 1709 disciplinis
761 1631 838 1690 II.
885 1633 1009 1690 Nos
1051 1641 1243 1691 autem
1280 1633 1575 1690 universae
1608 1633 2009 1711 philosophiae

323 1713 807 1790 vituperatoribus
839 1714 1243 1792 respondimus
1276 1713 1337 1770 in
1370 1713 1705 1785 Hortensio,
1735 1714 2011 1809 pryAca-

325 1793 514 1851 demia
559 1801 751 1851 autem
789 1814 934 1872 quae
977 1795 1222 1852 dicenda
1254 1802 1442 1853 essent
1477 1796 1613 1853 satis
1655 1803 1913 1854 accurate
1946 1797 2008 1853 in

323 1874 688 1931 Academicis
717 1881 990 1952 quattuor
1021 1874 1181 1933 libris
1210 1875 1491 1952 explicata
1519 1874 1875 1948 arbitramur,
1908 1876 2010 1934 sed

323 1960 516 2010 tamen
546 1961 772 2012 tantum
801 1955 964 2012 abest
990 1963 1057 2012 ut
1085 1956 1257 2013 scribi
1276 1963 1486 2014 contra
1515 1976 1619 2013 nos
1650 1956 1916 2027 nolimuS,
1941 1964 2009 2014 ut

323 2034 386 2091 id
419 2035 594 2091 etiam
635 2034 884 2092 maxime
929 2043 1211 2112 optemus„
1298 2035 1383 2093 In.
1410 2037 1553 2112 ipsa'
1578 2036 1733 2093 enim
1770 2036 2009 2094 Graecia

323 2114 693 2192 philosophia
725 2122 890 2173 tanto
927 2115 986 2172 in
1030 2116 1251 2174 honore
1288 2136 1604 2195 numquam
1638 2116 1860 2187 fuisset,
1896 2117 2010 2174 nisi

324 2194 789 2252 doctissimorum
829 2196 1297 2253 contentionibus
1340 2196 1902 2273 dissensionibusque
1930 2197 2010 2253 vi-

323 2274 556 2351 guisset.

407 2360 458 2411 5.
496 2353 682 2422 Quam
713 2354 788 2412 ob
816 2375 937 2413 rem
970 2356 1174 2413 hortor
1204 2375 1418 2425 omneS,
1446 2356 1546 2432 qui⁴
1573 2355 1761 2413 facere
1790 2355 1851 2412 id
1879 2375 2009 2432 pos-

324 2440 474 2504 sunt,
499 2441 565 2491 ut
593 2434 764 2493 huius
793 2454 1022 2513 quoque
1050 2436 1277 2513 generis
1304 2436 1533 2492 laudem
1563 2435 1683 2492 iam
1710 2435 2007 2512 languenti

322 2513 592 2572 Graeciae
621 2516 869 2592 eripiant
891 2524 950 2573 et
978 2518 1327 2574 transferant
1355 2516 1416 2572 in
1444 2516 1593 2573 hanc
1615 2515 1832 2586 urbem,
1860 2516 2007 2574 sicut

322 2594 566 2671 reliquas
601 2614 818 2665 omneS,
850 2615 995 2673 quae
1026 2596 1261 2673 quidem
1296 2603 1456 2654 erant
1490 2596 1860 2673 expetendae,
1893 2604 2009 2654 stu-

323 2673 422 2730 dio
445 2681 615 2751 atque
645 2675 926 2732 industria
956 2696 1057 2733 sua
1085 2676 1330 2733 maiores
1358 2676 1542 2734 nostri
1570 2675 2000 2735 transtulerunt.

321 2754 518 2830 Atque
547 2761 836 2813 oratorum
863 2756 1096 2833 quidem
1128 2756 1249 2814 laus
1277 2757 1358 2813 ita
1386 2756 1561 2815 ducta
1588 2756 1661 2813 ab
1688 2756 1896 2814 humili
1920 2777 2008 2814 ve-

321 2834 502 2891 nitad
535 2854 840 2906 summum,
865 2842 931 2892 ut
954 2836 1084 2907 iam,
1111 2836 1267 2914 quod
1290 2844 1494 2909 natura
1512 2836 1627 2893 fert
1655 2836 1714 2893 in
1739 2836 2006 2900 omnibus

319 2912 441 2970 fere
486 2914 671 2985 rebus,
709 2922 964 2973 senescat
1007 2916 1279 2993 brevique
1328 2922 1588 2994 tempore
1638 2917 1713 2973 ad
1758 2916 2004 2973 nihilum

319 3001 560 3051 ventura
596 2995 872 3066 videatur,
904 2996 1273 3073 philosophia
1312 3003 1577 3053 nascatur
1622 2996 1841 3053 Latinis
1886 2996 2006 3073 qui-

273 3140 282 3149 ,
321 3073 454 3131 dem
486 3074 694 3132 litteris
727 3094 797 3132 ex
829 3076 922 3132 his
954 3077 1313 3153 temporibus
1354 3096 1594 3154 eamque
1632 3096 1739 3132 nos
1778 3076 2005 3133 adiuve-

315 3172 466 3225 muS,
523 3174 744 3232 nosque
799 3156 958 3233 ipsos
1013 3156 1279 3235 redargffi
1338 3157 1636 3233 refellique
1696 3156 1999 3232 patiamur.
2066 3157 2072 3163 ’

315 3232 494 3305 Quod
535 3234 586 3292 si
610 3234 655 3293 ii
687 3235 886 3307 ferunt
934 3237 1129 3305 animo
1165 3237 1383 3314 iniquO,
1422 3237 1519 3313 qui
1563 3235 1731 3293 certis
1774 3235 2004 3307 quibus-
