2235 3581
257 158 324 206 48
482 153 1074 208 TUSCULANARUM
1119 157 1280 206 DISP
1291 157 1605 208 U'rATlON
1612 158 1718 208 UM

259 259 470 317 scholis
509 259 767 336 proferre
809 259 880 316 de
921 265 1124 331 morte,
1156 278 1261 316 nec
1294 279 1428 317 vero
1462 279 1530 316 ea
1560 260 1774 338 fingere
1806 262 1938 338 ipsi,

259 340 359 397 sed
404 340 707 397 Herodoto
753 346 984 398 auctore
1029 339 1268 417 aliisque
1316 339 1589 417 pluribus,
1675 341 1939 398 Primum

257 419 471 499 Argiae
500 420 810 477 sacerdotis
831 419 1062 478 Cleobis
1091 427 1151 478 et
1178 420 1359 478 Biton
1388 419 1493 477 filii
1519 421 1936 497 praedicantur.

258 499 416 556 Nota
451 500 648 558 fabula
686 506 787 558 est.
866 500 1016 557 Cum
1058 501 1211 557 enim
1252 501 1408 558 illam
1454 500 1528 558 ad
1556 501 1843 558 sollemne
1882 510 1940 560 ct

257 587 469 637 statum
507 579 843 637 sacrificium
880 600 1049 638 curru
1083 581 1216 638 vehi
1256 581 1347 638 ius
1388 588 1553 653 esset,
1585 581 1723 638 satis
1766 581 1939 659 longe

255 659 328 716 ab
367 660 585 737 oppido
623 661 698 718 ad
729 661 948 732 fanum,
984 668 1456 738 morarenturque
1490 662 1763 733 iumenta,
1799 669 1938 720 tunc

255 740 488 798 iuvenes
532 742 592 813 ii,
625 761 769 818 quos
814 742 990 807 modo
1025 741 1336 813 nominavi,
1373 748 1529 798 veste
1574 742 1781 818 posita,
1818 762 1937 799 cor-

254 839 397 897 pora
429 821 557 879 oleo
591 829 997 898 perunxerunt,
1033 822 1108 878 ad
1150 821 1351 898 iugum
1387 830 1759 879 accesserunt.
1846 821 1938 879 Ita

255 901 517 958 sacerdos
546 901 784 959 advecta
814 902 875 958 in
909 903 1131 973 fanum,
1163 921 1293 959 cum
1329 921 1525 959 currus
1553 910 1702 959 esset
1730 902 1937 959 ductus

253 1001 288 1038 a
315 980 463 1051 filiis,
488 989 719 1058 precata
750 1002 784 1040 a
817 981 925 1040 dea.
958 982 1184 1054 dicitur,
1219 990 1283 1039 ut
1314 981 1378 1038 id
1405 982 1477 1038 iis
1504 982 1746 1059 praemii
1775 982 1937 1040 daret
2006 1045 2017 1056 ‚

253 1081 359 1137 pro
393 1062 625 1138 pietate,
664 1062 818 1138 quod
864 1063 1182 1119 maximum
1226 1062 1452 1120 homini
1496 1063 1619 1119 dari
1662 1070 1858 1139 posset
1903 1083 1937 1120 a

253 1141 379 1211 deo,
404 1150 539 1218 post
567 1141 828 1218 epulatos
855 1161 987 1199 cum
1015 1150 1198 1200 matre
1226 1142 1615 1200 adolescentes
1642 1162 1846 1200 somno
1876 1163 1936 1200 se

252 1221 494 1293 dedisse,
527 1241 694 1279 mane
738 1223 1004 1280 inventos
1038 1242 1159 1282 esse
1198 1232 1477 1280 mortuos,
1567 1228 1699 1280 114.
1748 1222 1935 1281 Simili

251 1302 578 1378 precatione
624 1301 990 1379 Trophonius
1035 1310 1094 1360 et
1126 1303 1455 1380 Agamedes
1499 1303 1588 1360 usi
1630 1303 1932 1360 dicunt-ur:

253 1382 352 1458 qui
380 1401 512 1438 cum
533 1382 795 1459 Apollini
816 1382 1062 1460 Delphis
1083 1385 1366 1460 templum
1391 1383 1931 1455 exaedificavissent,

250 1468 584 1520 venerantes
618 1463 789 1520 deum
824 1465 1153 1541 petiverunt
1190 1464 1514 1522 mercedem
1548 1483 1666 1520 non
1699 1483 1932 1540 parvam

251 1543 485 1619 quidem
520 1543 709 1621 operis
751 1550 810 1601 et
854 1543 1064 1602 laboris
1107 1544 1213 1614 sui,
1251 1543 1396 1602 nihil
1442 1545 1599 1616 certi,
1636 1544 1739 1601 sed
1778 1544 1935 1620 quod

251 1629 398 1680 esset
432 1624 718 1700 optimum
761 1624 1000 1682 homini.
1079 1623 1303 1692 Quibus
1336 1623 1551 1701 Apollo
1586 1644 1645 1682 se
1678 1624 1742 1682 id
1775 1624 1935 1682 datu-

249 1721 377 1758 rum
412 1703 667 1761 ostendit
699 1711 834 1781 post
867 1705 989 1762 eius
1022 1705 1139 1762 diei
1173 1705 1327 1762 diem
1362 1705 1617 1776 tertium,
1650 1705 1749 1782 qui
1778 1712 1843 1762 ut
1872 1704 1936 1761 il-

251 1781 410 1854 luxit,
435 1784 652 1842 mortui
680 1790 814 1842 sunt
841 1785 1066 1863 reperti.
1153 1785 1500 1843 Iudicavisse
1530 1784 1703 1843 deum
1733 1785 1935 1843 dicunt

249 1869 308 1919 et
337 1882 470 1920 eum
499 1864 732 1941 quidem
763 1865 952 1937 deum,
979 1866 1070 1923 cui
1103 1866 1310 1943 reliqui
1338 1866 1398 1923 di
1428 1866 1841 1923 concessissent
1871 1873 1935 1923 ut

249 1950 474 2018 praeter
505 1951 724 2001 ceteros
757 1945 1054 2003 divinaret.
1132 1945 1411 2005 XLVIII.
1445 1945 1727 2004 Adfertur
1759 1946 1932 2003 ctiam

249 2022 321 2081 de
356 2022 550 2081 Sileno
585 2023 797 2081 fabella
829 2026 1128 2117 quaedam,
1162 2026 1262 2103 qui
1304 2044 1435 2084 cum
1470 2046 1505 2083 a
1538 2025 1700 2083 Mida
1731 2034 1934 2103 captus

249 2108 413 2174 esset,
444 2103 554 2161 hoc
589 2104 641 2161 ei
675 2106 928 2163 muneris
961 2126 1066 2181 pro
1102 2126 1205 2163 sua
1236 2106 1511 2163 missione
1546 2106 1770 2164 dedisse
1804 2107 1934 2163 scri·

249 2182 436 2241 bitur:
481 2184 741 2243 docuisse
770 2204 961 2262 regem
994 2204 1110 2243 non
1142 2187 1298 2243 nasci
1326 2186 1553 2243 homini
1585 2185 1756 2263 longe
1787 2188 1933 2263 opti-

247 2282 405 2320 mum
455 2284 592 2337 esse,
625 2266 952 2342 proximum
998 2273 1192 2323 autem
1244 2286 1416 2343 qnam
1465 2266 1719 2343 primum
1765 2267 1929 2323 mori.

248 2349 383 2481 (1115
421 2343 549 2413 Qua
586 2354 673 2404 est
714 2346 999 2403 sententia
1039 2346 1100 2403 in
1131 2346 1491 2424 Cresphonte
1534 2367 1669 2404 usus
1708 2346 1934 2424 Euripi-

290 2442 378 2480 es·

474 2520 608 2569 Nam
631 2537 722 2569 nos
745 2522 953 2571 decebat
975 2530 1146 2571 coetus
1170 2522 1473 2571 celebrantes
1495 2522 1703 2571 domum

472 2586 686 2647 Lugcre‚
711 2588 795 2635 ubi
818 2597 949 2636 esset
972 2588 1153 2651 aliquis
1177 2589 1227 2635 in
1255 2588 1416 2636 lucem
1441 2589 1619 2647 editus,

473 2651 742 2699 Humanae
765 2653 896 2701 vitae
919 2655 1056 2701 varia
1079 2663 1365 2715 reputantes
1390 2654 1552 2702 mala:

465 2719 556 2776 At,
581 2719 666 2779 qui
689 2717 882 2765 labores
904 2728 1065 2767 morte
1088 2720 1279 2767 finisset
1302 2734 1493 2780 graves,

475 2781 626 2830 Hunc
649 2784 785 2830 omni
809 2784 994 2832 amicos
1017 2784 1164 2833 laude
1187 2794 1237 2833 et
1262 2785 1454 2833 laetitia
1476 2784 1701 2847 exsequi.

247 2899 444 2958 Simile
489 2903 763 2979 quiddam
806 2911 892 2962 est
932 2905 993 2961 in
1037 2905 1429 2963 consolatione
1471 2904 1799 2962 Crantoris,
1849 2904 1933 2961 ait

245 2981 400 3039 enim
447 2981 788 3040 Terinaeum
835 2985 1143 3061 quemdam
1188 2985 1467 3063 Elysium,
1500 3005 1633 3043 cum
1680 2984 1932 3061 graviter

244 3060 350 3118 filii
396 3069 644 3120 mortem
692 3072 988 3137 maereret,
1034 3066 1253 3123 venisse
1309 3066 1371 3122 in
1421 3064 1929 3143 psychomantium

246 3149 609 3216 quaerentem
658 3164 802 3221 quac
849 3145 1056 3203 fuisset
1102 3153 1297 3203 tantae
1342 3146 1685 3203 calamitatis
1726 3162 1927 3201 causa:

245 3220 422 3278 huic
409 3242 466 3279 in
497 3223 720 3281 tabellis
747 3226 851 3283 tris
879 3226 1050 3283 huius
1079 3226 1239 3283 modi
1264 3225 1569 3283 versiculos
1599 3225 1797 3282 datos:
