2235 3581
664 157 692 178 κ
811 119 948 169 Lm.
984 119 1071 180 V„
1109 119 1265 170 cAP.
1302 121 1388 182 v.,
1423 122 1517 170 vr.
1918 129 2011 174 153

319 222 540 281 stulent
565 227 627 280 ‘et
657 229 968 299 querantur
995 241 1052 278 se
1082 241 1117 280 a
1144 221 1313 279 beata
1339 223 1459 280 vita
1486 243 1606 281 esse
1635 225 1874 284 relictas,
1949 227 2010 284 Si

317 304 478 361 enim
505 302 664 360 nulla
685 303 865 359 virtus
886 302 1195 378 prudentia
1216 310 1393 374 vacat,
1418 304 1727 380 prudentia
1754 307 1879 383 ipsa
1901 306 2010 364 11οο

317 385 494 454 videt,
519 389 638 440 non
669 402 870 440 omnes
900 383 1088 439 bonos
1119 403 1239 440 esse
1268 384 1439 442 etiam
1472 384 1689 458 beatOS,
1712 386 2009 464 multaque

315 466 390 522 de
433 465 511 523 M.
549 463 753 534 Atilio,
791 462 858 532 Q„
897 462 1206 540 Caepione,
1244 463 1340 522 Μ’.
1377 464 1618 543 Aquilio
1660 467 2005 537 recordatur,

314 545 658 622 beatamque
690 545 885 615 vitam,
912 544 960 600 si
994 543 1346 621 imaginibus
1378 546 1575 622 potius
1608 547 1695 603 uti
1726 567 1897 624 quam
1927 568 2009 606 re-

315 626 424 683 bus
454 627 594 703 ipsis
615 625 817 702 placet,
841 635 1146 682 conantem
1177 625 1259 682 ire
1283 626 1341 681 in
1364 626 1622 684 eculeum
1652 629 1861 685 retinet
1882 630 2008 705 ipsa

311 707 622 784 prudentia
655 715 941 782 negatque
977 706 1030 762 ei
1064 725 1195 763 cum
1232 706 1429 764 dolore
1464 713 1523 764 ct
1556 709 1809 765 cruciatu
1846 709 2007 786 quid-

315 807 488 864 quam
519 807 639 845 esse
669 806 992 844 commune.

394 868 499 927 VI.
583 873 672 926 15.
720 867 798 925 M.
837 867 1024 924 Facile
1047 867 1239 943 patior
1266 874 1324 924 te
1352 868 1465 924 isto
1490 868 1667 926 modo
1690 889 1872 945 agere,
1896 872 2002 928 etsi

310 949 577 1026 iniquum
608 956 694 1006 est
722 948 1104 1025 praescribere
1134 947 1279 1006 mihi
1309 957 1367 1006 te
1398 969 1567 1026 quem
1598 950 1671 1006 ad
1700 950 1941 1016 modum
1970 972 2005 1009 a

306 1049 404 1087 me
434 1029 716 1106 disputari
738 1029 894 1086 velis,
969 1027 1083 1086 Sed
1107 1048 1318 1106 quaero
1348 1039 1540 1086 utrum
1572 1029 1790 1108 aliquid
1808 1040 1999 1090 act-um

308 1110 702 1186 superioribus
731 1109 936 1166 diebus
963 1129 1036 1166 an
1067 1109 1211 1166 nihil
1240 1109 1620 1168 arbitremur?

392 1190 464 1248 A.
505 1190 719 1247 Actum
743 1210 876 1247 vero
907 1197 965 1248 ct
993 1188 1350 1267 aliquantum
1378 1189 1629 1267 quidem.

391 1270 468 1328 M.
507 1271 708 1349 Atqui,
735 1271 784 1327 si
819 1271 902 1328 ita
935 1278 1037 1341 est,
1063 1269 1371 1347 profligata
1404 1272 1517 1328 iam
1554 1269 1694 1327 haec
1728 1279 1785 1328 ct
1819 1291 2000 1349 paene

305 1351 383 1408 ad
412 1351 630 1408 exitum
660 1351 908 1408 adducta
931 1351 1192 1428 quaestio
1222 1358 1325 1408 est.

389 1432 462 1488 A.
500 1430 629 1500 Quo
660 1430 893 1488 tandem
923 1431 1139 1488 modo?

389 1511 466 1569 M.
505 1511 656 1580 Quia
695 1518 889 1568 motus
929 1511 1250 1568 turbulenti
1293 1511 1742 1588 iactationesque
1784 1513 2001 1570 animo-

303 1611 434 1649 rum
471 1592 740 1650 incitatae
784 1601 843 1648 et
883 1593 1107 1668 impetu
1143 1591 1567 1648 inconsiderato
1610 1592 1789 1649 elatae
1832 1593 1999 1650 ratio-

305 1692 440 1729 nem
476 1691 708 1730 omnem
743 1673 1082 1749 repellentes
1111 1672 1262 1730 vitae
1296 1671 1496 1728 beatae
1528 1671 1745 1729 nullam
1775 1683 1995 1748 partem

303 1753 654 1830 relinquunt.
726 1752 870 1822 Quis
904 1753 1059 1811 enim
1093 1760 1289 1830 potest
1323 1759 1569 1810 mortem
1605 1763 1705 1812 aut
1738 1753 1993 1812 dolorem

303 1842 586 1904 metuenS,
613 1854 857 1910 quorum
893 1834 1135 1891 alterum
1168 1852 1335 1911 saepe
1368 1834 1546 1903 adest,
1578 1834 1820 1891 alterum
1856 1856 1999 1892 sen]-

302 1933 408 1991 per
429 1914 746 1990 impendet,
768 1934 889 1972 esse
917 1933 1032 1971 non
1063 1914 1273 1971 miser?
1339 1913 1531 1982 Quid?
1566 1914 1613 1971 si
1642 1914 1813 1985 idem,
1841 1916 1998 1992 quod

303 1994 646 2071 plerumque
683 1994 765 2064 fit,
803 2000 1219 2072 paupertatem,
1257 1994 1657 2071 ignominiam,
1695 1996 1993 2051 infamiam

302 2075 490 2146 timet,
534 2074 582 2132 si
631 2074 1006 2145 debilitatem,
1053 2075 1405 2144 caecitatem,
1442 2074 1489 2130 si
1540 2074 1805 2151 denique,
1840 2076 1997 2151 quod

301 2174 423 2211 non
453 2155 696 2231 singulis
725 2154 1072 2225 hominibuS,
1099 2155 1199 2211 sed
1222 2154 1557 2231 potent-ibus
1579 2154 1811 2231 populis
1829 2174 1997 2231 saepe

303 2236 569 2311 contigit,
596 2236 947 2305 servitutem,
974 2243 1169 2311 potest
1202 2255 1269 2292 ea
1300 2235 1511 2292 timens
1540 2252 1660 2291 esse
1690 2234 1992 2311 quisquam

303 2315 548 2373 beatus?
627 2320 718 2373 16.
757 2314 950 2384 Quid?
986 2315 1084 2391 qui
1121 2333 1238 2371 non
1272 2314 1449 2371 modo
1484 2334 1551 2371 ea
1577 2315 1775 2371 futura
1806 2316 1993 2386 timet,

303 2415 502 2453 verum
547 2396 722 2453 etiam
764 2396 881 2452 fert
923 2395 1283 2471 sustinetque
1327 2395 1682 2470 praesentia?
1723 2395 1870 2453 adde
1905 2416 1996 2453 eo-

301 2476 438 2532 dem
474 2475 687 2543 exsilia,
721 2475 924 2544 luctuS,
957 2474 1267 2531 orbitates:
1320 2474 1420 2549 qui
1452 2474 1620 2531 rebus
1654 2474 1745 2531 his
1778 2476 1995 2534 fractus

300 2554 665 2631 aegritudine
696 2554 930 2612 eliditur
957 2560 1154 2631 potest
1181 2553 1414 2610 tandem
1452 2572 1570 2612 esse
1604 2573 1721 2611 non
1752 2556 1996 2614 miserri-

300 2635 470 2692 mus?
537 2634 690 2703 Quid
718 2636 886 2693 vero?
921 2635 1101 2704 illum,
1129 2652 1299 2711 quem
1322 2633 1657 2691 libidinibus
1681 2635 1993 2695 inflamma-

300 2726 428 2773 tum
461 2723 519 2773 et
545 2716 836 2773 furentem
867 2715 1148 2784 videmuS,
1176 2714 1371 2771 omnia
1398 2714 1594 2772 rabide
1623 2725 1993 2793 appetentem

299 2814 434 2853 cum
459 2795 794 2872 inexplebili
823 2795 1160 2871 cupiditate,
1179 2813 1408 2871 quoque
1430 2794 1775 2853 adfluentius
1798 2797 1996 2873 volup-

299 2883 452 2933 tates
477 2876 732 2953 undique
761 2876 1004 2945 hauriat,
1029 2894 1098 2931 eo
1126 2874 1355 2951 gravius
1376 2875 1779 2951 ardentiusque
1803 2876 1996 2933 sitien-

299 2964 440 3025 tem,
467 2975 660 3013 nonnc
683 2961 835 3013 recte
857 2954 1244 3011 miserrimum
1268 2954 1514 3011 dixeris?
1579 2954 1771 3023 Quid?
1812 2955 1994 3011 elatus

300 3036 398 3093 ille
427 3035 662 3093 levitate
697 3036 968 3112 inanique
1003 3034 1223 3091 laetitia
1255 3033 1543 3091 exsultans
1570 3041 1628 3091 et
1656 3041 1871 3091 temere
1900 3054 1995 3111 ge-

301 3117 484 3174 stiens
512 3134 706 3172 nonne
736 3122 902 3172 tauto
937 3114 1200 3170 miserior
1229 3120 1445 3189 quanto
1475 3112 1584 3168 sibi
1613 3113 1841 3170 videtur
1868 3114 1995 3171 bea-

300 3197 458 3253 tior?
541 3194 698 3269 Ergo
734 3201 799 3251 ut
832 3194 895 3249 hi
929 3193 1139 3261 miseri,
1178 3192 1259 3248 sic
1301 3197 1501 3247 contra
1538 3190 1619 3245 illi
1646 3189 1817 3261 beati,
1850 3211 1994 3267 quos
