2235 3581
755 163 894 214 L113.
931 165 1020 238 V.²
1053 165 1211 214 CAP.
1247 165 1615 215 xv.-Xv111.
1936 169 2032 217 165

313 294 320 300 ·
343 268 584 344 pacem?
664 266 776 324 Vir
803 267 980 343 igitur
1000 273 1369 343 temperatuS,
1390 273 1674 336 constane,
1701 267 1821 322 sine
1852 275 2027 338 metu,

345 349 467 405 sine
517 347 893 424 aegritudine,
935 347 1056 404 sine
1105 347 1397 404 alacritate
1439 346 1570 417 ulla,
1608 346 1728 404 sine
1772 345 2025 412 libidine,

343 447 536 486 nonne
565 427 803 485 beatus?
885 428 968 486 At
997 447 1223 504 semper
1249 428 1475 504 sapiens
1502 426 1649 498 talis,
1675 445 1899 504 semper
1927 428 2029 504 igi-

343 516 439 566 tur
473 509 688 566 beatus.
775 508 900 564 Iam
933 527 1068 565 vero
1105 509 1205 584 qui
1238 515 1432 584 potest
1464 508 1553 564 vir
1583 507 1770 564 bonus
1803 527 1920 564 non
1954 509 2028 569 ad

344 589 422 660 id,
445 590 603 667 quod
631 589 915 646 laudabile
945 589 1036 660 sit,
1063 588 1259 645 omnia
1285 588 1512 659 referre,
1538 607 1683 664 quae
1712 588 1834 665 agit
1863 608 2029 664 quae-

344 689 454 746 que
497 671 709 728 sentit?
791 669 994 726 Refert
1035 676 1230 726 autem
1274 668 1470 725 omnia
1516 668 1589 725 ad
1632 668 1797 726 beate
1841 670 2027 726 viven-

343 751 517 807 dum:
577 749 743 808 beata
795 750 974 826 igitur
1025 750 1143 806 vita
1191 748 1509 820 laudabilis,
1555 767 1659 806 nec
1711 749 2025 826 quidquam

343 831 465 887 sine
495 831 706 888 virtute
734 829 1052 888 laudabile:
1097 829 1266 886 beata
1299 829 1477 906 igitur
1504 829 1623 886 vita
1652 829 1861 886 virtute
1896 849 2028 886 con-

343 910 548 968 ficitur.

422 989 622 1068 XVII.
715 996 809 1048 49.
859 990 1055 1068 Atque
1109 990 1221 1047 hoc
1278 990 1358 1047 sie
1416 989 1589 1047 etiam
1646 990 2021 1049 concluditur.

342 1070 464 1127 Nec
508 1071 568 1126 in
613 1071 820 1128 misera
861 1071 979 1128 vita
1021 1070 1337 1148 quidquam
1381 1078 1469 1126 est
1504 1069 1885 1146 praedicabile
1926 1079 2028 1127 aut

340 1150 706 1227 gloriandum
735 1170 840 1208 nec
867 1151 928 1208 in
958 1171 1038 1221 ea,
1064 1171 1210 1228 quae
1240 1170 1343 1207 nec
1374 1151 1581 1207 misera
1608 1151 1684 1207 sit
1713 1170 1817 1208 nec
1842 1149 2021 1208 beata.

306 1257 312 1262 ·
340 1231 418 1288 Et
448 1239 535 1289 est
568 1232 629 1288 in
663 1232 855 1308 aliqua
883 1233 1002 1302 vita
1029 1230 1411 1308 praedicabile
1446 1230 1663 1306 aliquid
1692 1238 1750 1287 et.
1782 1229 2026 1306 glorian-

341 1312 480 1369 dum
515 1331 580 1369 ae
608 1331 743 1388 prae
773 1331 832 1369 se
859 1312 1180 1382 ferendum,
1206 1318 1271 1368 ut
1299 1310 1763 1388 Epaminondas:

590 1425 820 1474 Consiliis
843 1425 1024 1474 nostris
1049 1425 1155 1472 laus
1178 1435 1253 1472 est
1276 1433 1473 1472 attonsa
1496 1423 1771 1483 Laconum,

341 1527 408 1578 ut
435 1520 777 1599 Africanus:

633 1626 682 1673 A
708 1623 810 1673 sole
832 1623 1090 1672 exoriente
1113 1639 1263 1686 supra
1286 1623 1501 1672 Maeotis
1526 1623 1731 1686 paludes

699 1691 860 1740 Nemo
884 1697 959 1739 est
983 1691 1070 1752 qui
1094 1689 1241 1739 factis
1264 1689 1587 1752 aequiperrue
1610 1704 1717 1751 que·
1706 1697 1773 1736 ut.

305 1832 308 1837 -
342 1802 432 1854 50.
472 1796 644 1865 Quod
671 1796 719 1852 si
749 1802 850 1866 est,
876 1794 1044 1852 beata
1070 1794 1191 1852 vita
1224 1793 1523 1870 glorianda
1557 1799 1614 1851 et
1643 1793 2025 1870 praedicanda

339 1883 399 1934 et
432 1896 565 1954 prae
601 1896 659 1933 se
693 1875 931 1933 ferenda
973 1882 1074 1933 est.
1161 1874 1322 1931 Nihil
1358 1882 1444 1931 est
1478 1874 1631 1931 enim
1675 1873 1833 1930 aliud
1867 1874 2022 1951 quod

337 1956 784 2034 praedicandum
819 1963 877 2013 et
905 1975 1040 2033 prae
1073 1974 1135 2012 se
1161 1954 1465 2012 ferendum
1496 1955 1586 2011 sit.
1672 1953 1896 2046 Quibus
1923 1973 2025 2030 po

339 2038 464 2094 sitis
499 2037 783 2113 intellegis
811 2036 954 2113 quid
987 2043 1273 2113 sequatur,
1300 2043 1359 2093 et
1388 2034 1639 2112 quidem,
1664 2034 1775 2090 nisi
1810 2053 1877 2091 ea
1904 2034 2023 2091 vita

336 2117 507 2174 beata
539 2124 642 2189 est,
670 2136 814 2193 quae
848 2124 935 2174 est
969 2117 1169 2173 eadem
1204 2115 1463 2186 honesta,
1496 2116 1571 2172 sit
1605 2114 1760 2171 aliud
1795 2130 2022 2171 necesse

339 2205 426 2255 est
466 2197 672 2253 melius
705 2197 825 2253 vita
861 2196 1044 2254 beata.
1134 2196 1303 2265 Quod
1347 2196 1456 2252 erit
1496 2196 1650 2252 enim
1692 2193 2045 2272 honestum„

297 2293 300 2295 ’
339 2285 490 2335 certe
519 2276 856 2334 fatebuntur
883 2296 1003 2348 esse
1033 2277 1267 2333 melius:
1313 2276 1394 2333 ita
1426 2276 1533 2332 erit
1568 2273 1735 2331 beata
1761 2275 1880 2331 vita
1907 2294 2022 2331 me-

337 2359 448 2433 lius
477 2357 709 2434 aliquid,
733 2376 846 2434 quo
879 2358 1019 2434 quid
1046 2363 1240 2434 potest
1269 2356 1382 2413 dici
1412 2355 1767 2431 perversius?
1829 2353 2021 2422 Quid?

339 2458 468 2495 cum
499 2439 755 2495 fatentur
783 2437 920 2494 satis
949 2456 1217 2513 magnam
1246 2437 1369 2493 vim·
1396 2454 1515 2492 esse
1543 2435 1603 2492 in
1633 2434 1789 2492 vitiis
1817 2434 1891 2491 ad
1918 2435 2024 2491 mi-

291 2540 298 2544 ·
339 2537 520 2575 seram
565 2519 759 2588 vitam,
796 2537 988 2575 nonne
1030 2516 1335 2574 fatendum
1377 2522 1463 2573 est
1505 2515 1767 2573 eamdem
1801 2514 1917 2571 vim
1960 2516 2020 2571 in

341 2599 550 2655 virtute
586 2617 707 2655 esse
741 2598 815 2655 ad
841 2597 1070 2655 beatam
1099 2597 1315 2655 vitam?
1398 2595 1831 2653 Contrariorum
1866 2596 2018 2653 enim

338 2678 623 2735 contraria
663 2684 798 2735 sunt
831 2678 1255 2755 consequentia.
1344 2682 1436 2734 51.
1476 2676 1605 2745 Quo
1638 2676 1766 2733 loco
1810 2695 2021 2752 quaero

340 2778 512 2835 quam
542 2758 660 2815 vim
688 2757 900 2815 habeat
926 2757 1070 2815 libra
1097 2758 1196 2814 illa
1223 2757 1480 2827 Critolai,
1502 2756 1602 2833 qui
1636 2776 1767 2813 cum
1797 2756 1857 2811 i'n
1888 2755 2023 2812 alte-

338 2858 462 2895 ram
494 2838 716 2896 lancem
749 2838 929 2895 animi
961 2837 1117 2894 bona
1149 2838 1428 2913 imponat,
1460 2836 1519 2892 in
1555 2835 1790 2893 alteram
1824 2855 2024 2911 corpo-

338 2918 416 2975 ris
449 2924 510 2975 et
542 2924 790 2990 externa,
820 2924 1047 2975 tantum
1082 2917 1439 2993 propendere
1476 2915 1634 2973 illam
1667 2915 1888 2973 lancem
1922 2935 2024 2992 pu-

337 3005 441 3069 tet,
465 3005 532 3055 ut
561 3005 771 3056 terram
800 3004 858 3055 et
885 2998 1068 3055 maria
1094 2996 1397 3073 deprimat.

418 3078 650 3137 XVIII.
696 3075 852 3146 Quid·
893 3096 1028 3154 ergo
1071 3084 1173 3134 aut
1210 3076 1365 3134 hunc
1398 3075 1669 3153 prohibet
1711 3081 1810 3131 aut
1848 3074 2041 3145 etiam,

337 3158 724 3215 Xenocratem
764 3158 926 3214 illum
969 3156 1370 3248 gravissi-mum
1405 3154 1901 3232 philosophorum,
1934 3173 2024 3210 ex-

339 3244 709 3315 aggerantem
751 3244 915 3295 tanto
959 3254 1133 3313 opere
1165 3236 1455 3307 virtutem,
1491 3240 1894 3293 extenuantem
1939 3253 2023 3291 ce-

1161 3317 1219 3360 14
