2235 3581
165 181 176 186 -
196 157 264 202 90
420 153 1014 203 'rUScULANARUM
1058 153 1542 203 DISPU'I'ATION
1556 153 1661 202 UM

198 254 362 312 filiae.
448 253 612 311 Illam
657 254 811 311 enim
851 254 1052 312 oderas
1095 261 1171 312 et‘
1207 255 1330 312 iure
1372 254 1651 313 fortasse:
1704 275 1888 332 regno

199 353 316 392 non
339 353 522 412 aequo
550 335 744 391 animo
773 333 1015 392 carebas,
1088 335 1195 391 Est
1222 342 1413 391 autem
1443 335 1751 412 impudens
1772 337 1887 393 luc-

197 413 292 472 tus
319 433 572 471 maerore
603 434 661 471 se
691 414 1063 484 conficientiS,
1085 415 1242 490 quod
1271 415 1549 492 imperare
1578 435 1695 472 non
1718 416 1889 472 liceat

199 495 406 553 liberis,
495 495 586 552 27.
633 493 952 571 Dionysius
992 495 1225 571 quidem
1268 501 1548 571 tyrannus
1590 494 1889 572 Syracusis

199 575 468 652 expulsus
490 573 756 631 Corinthi
784 594 992 651 pueros
1021 573 1299 632 docebat:
1342 594 1523 652 usque
1544 595 1615 632 eo
1641 575 1889 652 imperio

198 675 385 712 carere
420 674 537 710 non
579 662 822 731 poterat.
896 653 1210 730 Tarquinio
1244 674 1379 710 vero
1414 654 1555 730 quid
1587 655 1891 731 impuden-

199 735 331 805 tius,
357 734 457 812 qui
477 734 690 791 bellum
714 741 936 811 gereret
957 753 1087 790 cum
1111 734 1199 804 iis,
1220 734 1319 810 qui
1342 734 1463 791 eius
1492 753 1609 791 non
1637 735 1890 792 tulerant

201 813 558 892 superbiam?
639 814 697 871 Is
731 833 861 872 cum
904 814 1132 870 restitui
1173 814 1233 870 in
1268 833 1509 890 regnum
1544 833 1649 871 nec
1680 813 1889 872 Veien-

200 895 347 952 tium
383 913 486 952 nec
529 893 867 951 Latinorum
902 893 1074 950 armis
1114 893 1417 970 potuisset,
1443 893 1657 950 Cumas
1690 899 1891 951 contu-

199 974 331 1031 lisse
353 994 412 1031 se
438 975 649 1031 dicitur
676 974 852 1050 inque
873 992 940 1030 ea
958 973 1098 1030 urbe
1122 973 1284 1030 senio
1306 979 1364 1031 et
1385 973 1748 1050 aegritudine
1768 993 1891 1032 esse

201 1055 513 1112 confectus.

281 1133 450 1190 XIII.
497 1133 628 1190 Hoc
650 1140 714 1191 tu
738 1134 917 1211 igitur
937 1153 1133 1191 censes
1156 1133 1399 1210 sapienti
1423 1134 1680 1191 accidere
1698 1153 1889 1211 posse,

203 1221 267 1271 ut
289 1213 645 1290 aegritudine
669 1214 1044 1292 opprimatur,
1061 1213 1123 1271 id
1147 1220 1249 1284 est,
1267 1214 1532 1272 miseria?
1581 1213 1732 1270 Nam
1756 1233 1890 1271 cum

203 1295 391 1350 omnis
419 1293 776 1371 perturbatio
805 1294 1036 1350 miseria
1063 1300 1150 1351 est
1177 1300 1304 1350 tum
1334 1293 1661 1360 carnificina
1688 1301 1777 1350 est
1803 1314 1897 1351 ae·-

201 1394 270 1450 gl
273 1373 451 1432 itudo
537 1374 733 1431 Habet
775 1373 1034 1430 ardorem
1085 1372 1283 1442 libido,
1321 1373 1615 1430 levitatem
1670 1373 1897 1431 laetitia.

202 1454 900 1534 gestienS,11umilitatem
943 1460 1152 1524 metuS,
1187 1454 1287 1510 sed
1330 1453 1631 1530 aegritudo
1672 1454 1898 1510 maiora

203 1535 502 1611 quaedam,
539 1534 748 1605 tabem,
786 1535 1119 1605 cruciatum,
1150 1533 1617 1603 adflictationem,
1648 1533 1896 1591 foedita-

203 1622 338 1706 tem,
365 1615 588 1684 lacerat,
610 1623 767 1672 exest
795 1614 1050 1671 animum
1081 1614 1367 1691 planeque
1394 1612 1643 1672 conficit.
1719 1613 1895 1672 Hanc

203 1696 311 1751 nisi
348 1695 610 1752 exuimus
647 1695 744 1768 sic,
785 1701 848 1754 ut
889 1693 1245 1765 abiiciamUS,
1279 1694 1509 1751 miseria
1550 1713 1737 1752 carere
1762 1713 1890 1751 non

201 1795 523 1853 possumus

284 1862 376 1913 28.
414 1855 610 1933 Atque
636 1854 748 1912 hoc
772 1855 1006 1933 quidem
1034 1855 1399 1933 perspicuum
1432 1862 1535 1927 est,
1559 1862 1685 1913 tum
1714 1855 1897 1933 aegri-

203 1936 464 1993 tudinem
501 1935 786 2007 exsistere,
819 1954 950 1992 cum
986 1936 1129 2011 quid
1170 1935 1253 1992 ita
1284 1936 1469 1992 visum
1514 1936 1604 2007 sit,
1637 1942 1703 1993 ut
1735 1955 1897 2013 mag-

203 2035 342 2072 num
387 2014 679 2093 quoddam
727 2016 943 2072 malum
987 2015 1184 2073 adesse
1227 2022 1285 2072 et
1327 2035 1568 2091 urguere
1610 2015 1890 2073 videatur.

203 2095 453 2173 Epicuro
483 2102 674 2153 autem
705 2095 894 2172 placet
927 2095 1261 2171 opinionem
1298 2095 1436 2152 mali
1468 2096 1889 2173 aegritudinem

203 2196 324 2234 esse
347 2184 565 2246 natura,
587 2183 654 2234 ut
712 2176 1019 2253 uicumque
1041 2175 1333 2233 intueatur
1353 2176 1411 2231 in
1442 2175 1677 2253 aliquod
1704 2176 1894 2233 maius

202 2257 435 2328 malum,
462 2257 510 2314 si
541 2257 606 2314 *id
643 2196 752 2313 siin
787 2256 1060 2314 accidisse
1095 2256 1383 2334 opinetur,
1408 2256 1484 2313 sit
1516 2256 1793 2313 continuo
1827 2256 1889 2313 in

203 2338 577 2413 aegritudine.
645 2337 947 2414 Cyrenaici
969 2354 1084 2393 non
1111 2336 1267 2393 omni
1292 2336 1446 2393 malo
1469 2336 1889 2413 aegritudinem

203 2416 349 2475 effici
377 2424 626 2488 censent,
653 2418 752 2474 sed
781 2418 1071 2495 insperato
1095 2423 1153 2473 et
1174 2416 1519 2492 necopinato
1543 2416 1710 2473 male.
1783 2416 1892 2473 Est

201 2496 265 2553 id
287 2498 520 2573 quidem
549 2517 666 2554 non
690 2496 978 2555 mediocre
996 2497 1069 2554 ad
1091 2496 1511 2573 aegritudinem
1535 2496 1890 2571 augendam:

202 2576 471 2634 videntur
499 2578 653 2635 enim
683 2578 879 2635 omnia
905 2577 1208 2657 repentina
1232 2576 1511 2655 graviora.
1586 2576 1675 2634 Ex
1696 2576 1808 2634 hoc
1830 2584 1893 2634 et.

201 2655 342 2713 illa
325 2677 447 2714 lure
477 2657 811 2714 laudantur:

251 2787 362 2847 Ego
385 2803 496 2835 cum
521 2788 684 2848 genui,
707 2796 812 2834 tum
837 2788 1105 2849 morituros
1128 2786 1248 2835 scivi
1273 2794 1323 2834 et
1346 2786 1391 2834 ei
1417 2787 1484 2835 rei
1510 2784 1699 2834 sustuli.

255 2853 516 2901 Praeterea
539 2853 603 2900 ad
623 2853 824 2900 Troiam
849 2868 964 2901 cum
987 2854 1102 2901 misi
1127 2853 1191 2900 ob
1214 2852 1581 2901 defendendam
1603 2851 1886 2911 Graeciam,

250 2918 448 2967 Scibam
474 2933 553 2965 me
575 2919 624 2965 in
651 2918 961 2967 mortiferum
985 2918 1187 2978 bellum,
1210 2933 1307 2965 non
1335 2918 1384 2965 in
1410 2918 1579 2981 epulas
1603 2918 1817 2966 mittere.

281 3050 448 3107 XIV.
529 3055 621 3106 29.
667 3048 831 3106 Haec
863 3050 1042 3125 igitur
1081 3048 1523 3123 praemeditatio
1557 3049 1887 3105 futurorum

202 3128 482 3185 malorum
505 3128 646 3185 lenit
669 3146 865 3185 eorum
889 3127 1216 3196 adventum,
1240 3146 1383 3202 quae
1406 3128 1693 3185 venientia
1715 3128 1890 3202 longe

202 3212 334 3261 ante
359 3207 580 3264 videris,
670 3207 870 3283 Itaque
899 3206 1053 3283 apud
1081 3204 1399 3281 Euripiden
1422 3226 1455 3262 a
1476 3206 1699 3265 Theseo
1730 3206 1891 3265 dicta
