2235 3581
749 165 890 216 Lm.
928 165 1046 228 1v.,
1083 163 1243 214 cAr.
1280 163 1514 214 v.-v11.
1892 168 1985 214 119

293 267 436 346 quid
468 287 600 324 cum
633 267 855 324 ratione
893 265 1195 324 desiderat.
1279 264 1439 333 Quae
1473 272 1665 322 autem
1698 283 1734 322 a
1766 265 1986 323 ratione

292 367 488 406 aversa
521 347 760 404 incitata
791 353 878 404 est
907 345 1317 416 vehementiuS,
1343 365 1409 404 ea
1442 344 1625 402 libido
1659 351 1745 402 est
1773 344 1863 402 vel
1895 365 1987 402 cu-

293 428 508 506 piditas
545 428 836 498 effrenata,
869 446 1014 505 quae
1047 427 1108 483 in
1144 426 1411 484 omnibus
1450 425 1641 482 stultis
1679 425 1982 482 invenitur.

297 516 387 566 13.
434 508 698 585 Itemque
747 527 878 564 cum
921 509 1006 564 ita
1044 525 1359 577 movemur,
1397 506 1565 562 ut'in
1604 505 1759 562 bono
1808 506 1988 562 simus

293 589 504 666 aliquO,
541 587 850 665 dupliciter
889 586 953 644 id
1000 587 1305 663 contingit.
1390 585 1543 642 Nam
1592 605 1721 642 cum
1766 586 1987 643 ratione

293 670 520 727 animus
553 676 818 725 movetur
849 666 1073 744 placide
1107 674 1281 744 atque
1314 672 1658 736 constanter,
1684 674 1809 722 tum
1844 665 1989 722 illud

289 750 576 822 qaudc'um
613 748 856 806 dicitur:
901 766 1031 805 cum
1067 753 1261 804 autem
1292 747 1542 803 inaniter
1573 755 1632 803 et
1660 746 1839 803 effuse
1873 747 1989 802 ani-

293 848 422 885 mus
456 828 721 899 exsultat,
745 834 870 885 tum
899 827 1000 884 illa
1026 827 1250 884 laetitia
1274 827 1515 899 yestiens
1546 825 1631 882 vel
1660 826 1845 881 nimia
1874 825 1987 882 dici

295 917 506 987 potest,
528 928 702 986 quam
730 909 814 966 ita
845 908 1148 980 definiunt,
1175 909 1297 966 sine
1332 909 1553 966 ratione
1586 909 1765 966 animi
1794 910 1987 966 elatio—

295 1008 446 1047 nem.
532 989 936 1066 Quoniamque
976 996 1043 1046 ut
1083 989 1240 1046 bona
1279 996 1485 1046 natura
1524 989 1867 1066 appetimuS,
1904 991 1985 1046 sic

295 1089 332 1126 a
363 1070 530 1127 malis
563 1077 768 1131 natura
799 1069 1173 1140 declinamuS,
1196 1089 1341 1147 quae
1376 1068 1685 1127 declinatio
1722 1063 1823 1147 [si]
1852 1089 1985 1127 cum

295 1151 518 1208 ratione·
551 1138 667 1220 fiet,
704 1150 897 1207 cautio
940 1150 1262 1228 appelletur
1304 1169 1481 1227 eaque
1523 1150 1892 1227 intellegatur
1924 1151 1985 1206 in

295 1230 419 1288 solo
456 1250 575 1287 esse
618 1231 894 1307 sapiente,
916 1250 1060 1307 quae
1094 1237 1287 1288 autem
1332 1231 1455 1287 sine
1497 1231 1719 1288 ratione
1761 1238 1819 1288 et
1853 1251 1984 1288 cum

295 1311 720 1368 exanimatione
749 1310 955 1368 humili
985 1318 1159 1387 atque
1180 1311 1379 1382 fracta,
1405 1312 1738 1368 nominetur
1764 1319 1982 1369 metus:

295 1398 383 1448 est
411 1391 590 1468 igitur
621 1397 810 1448 metus
839 1411 874 1448 a
900 1392 1123 1449 ratione
1152 1411 1347 1450 aversa
1374 1391 1581 1449 cantic.
1659 1391 1986 1449 Praesentis

295 1478 490 1529 autem
524 1471 661 1528 mali
695 1472 970 1548 sapientis
1011 1471 1266 1529 adfectio
1304 1471 1459 1528 nulla
1491 1478 1594 1529 est.
1678 1477 1767 1528 14.
1807 1471 1984 1529 Stulti

295 1557 486 1608 autem
518 1552 820 1628 aegritudo
849 1560 937 1609 est
964 1571 1046 1623 ea,
1073 1571 1187 1629 qua
1214 1551 1560 1610 adficiuntur
1588 1553 1647 1609 in
1676 1552 1845 1609 malis
1866 1552 1987 1629 opi-

294 1632 446 1689 natis
467 1632 804 1709 animosque
827 1633 1144 1690 demittunt
1172 1639 1231 1690 et
1259 1632 1608 1690 contrahunt
1634 1633 1844 1690 rationi
1866 1652 1985 1689 non

296 1711 774 1790 obtemperantes,
861 1712 1064 1790 Itaque
1097 1711 1238 1770 haec
1272 1713 1460 1790 prima
1493 1712 1753 1771 definitio
1789 1720 1891 1785 est,
1918 1722 1985 1770 ut

294 1793 596 1871 aegritudo
645 1794 722 1851 sit
770 1794 950 1851 animi
999 1794 1335 1852 adversante
1382 1794 1604 1852 ratione
1646 1794 1981 1853 contractio.

295 1873 391 1931 Sic
438 1881 712 1951 quattuor
759 1874 1216 1948 perturbationes
1264 1882 1415 1945 sunt,
1457 1882 1571 1932 tres
1620 1876 1981 1945 constantiae,

296 1955 570 2031 quoniam
599 1954 948 2031 aegritudini
975 1954 1135 2011 nulla
1166 1955 1491 2013 constantia
1518 1956 1847 2032 opponitur.

377 2033 512 2093 VII.
558 2033 674 2091 Sed
723 2054 924 2092 omnes
971 2034 1434 2111 perturbationes
1480 2035 1697 2093 iudicio
1752 2043 1985 2093 censent

294 2112 416 2172 fieri
451 2122 510 2172 et
552 2114 841 2191 opinione.
929 2114 1133 2193 Itaque
1174 2132 1269 2172 eas
1310 2115 1592 2173 definiunt
1624 2116 1887 2192 pressiuS,
1921 2122 1985 2173 ut

295 2194 660 2271 intellegatur
680 2214 798 2251 non
820 2196 998 2252 modo
1023 2214 1195 2273 quam
1218 2195 1473 2267 vitiosae,
1496 2196 1595 2253 sed
1618 2196 1787 2253 etiam
1812 2215 1982 2273 quam

295 2274 356 2330 in
385 2282 583 2331 nost-ra
609 2275 726 2332 sint
753 2282 1056 2351 potestate.
1144 2276 1249 2332 Est
1284 2294 1420 2352 ergo
1454 2276 1754 2348 aeyritudo
1784 2276 1984 2351 opinio

295 2374 492 2411 recens
533 2355 670 2411 mali
713 2356 1043 2432 praesentiS,
1081 2356 1141 2412 in
1178 2375 1292 2432 quo
1336 2355 1567 2412 demitti
1609 2355 1983 2433 contrahique

294 2435 488 2491 animo
533 2443 753 2492 rectum
800 2454 921 2493 esse
966 2436 1245 2506 videatur,
1277 2436 1499 2492 laetitia
1544 2435 1744 2512 opinio
1789 2455 1985 2493 recens

295 2513 435 2571 boni
470 2516 802 2592 praesentiS,
825 2516 885 2571 in
917 2535 1032 2592 quo
1067 2516 1256 2573 efferri
1289 2522 1509 2573 rectum
1554 2535 1674 2573 esse
1703 2516 1980 2586 videatur,

295 2603 479 2651 metus
535 2596 734 2672 opinio
782 2595 1173 2672 impendentis
1221 2596 1375 2667 mali,
1418 2596 1577 2673 quod
1624 2595 1983 2653 intolerabile

295 2693 417 2731 esse
445 2674 722 2745 videatur,
749 2676 926 2734 libido
961 2676 1161 2753 opinio
1190 2676 1416 2733 venturi
1444 2677 1601 2748 boni,
1624 2676 1780 2754 quod
1810 2678 1885 2735 sit
1914 2696 1981 2735 ex

294 2774 402 2812 usu
437 2755 552 2811 iam
585 2774 852 2831 praesens
895 2776 1015 2813 esse
1049 2763 1221 2833 atque
1257 2756 1467 2814 adesse.
1557 2763 1647 2814 15.
1694 2757 1809 2815 Sed
1839 2777 1984 2834 quae

295 2834 510 2891 iudicia
537 2854 791 2913 quasque
821 2836 1125 2913 opiniones
1158 2836 1655 2914 perturbationum
1688 2856 1810 2894 esse
1842 2838 1983 2907 dixi,

293 2934 412 2971 non
441 2915 502 2971 in
532 2917 613 2972 eis
646 2916 1106 2992 perturbationes
1140 2916 1326 2973 solum
1360 2918 1579 2993 positas
1612 2937 1733 2975 esse
1762 2918 1980 2987 dicunt,

294 3014 494 3052 verum
535 2996 634 3053 illa
661 2997 854 3067 etiam,
887 3016 1030 3074 quae
1073 2994 1398 3053 efficiuntur
1438 2996 1980 3075 perturbationibuS,

293 3082 361 3132 ut
395 3076 698 3153 aegritudo
734 3077 896 3153 quasi
929 3095 1195 3135 morsum
1222 3076 1471 3154 aliquem
1506 3076 1721 3133 doloris
1755 3075 1979 3144 efficiat,

291 3162 486 3213 metus
526 3175 812 3213 recessum
847 3156 1155 3234 quemdam
1198 3157 1376 3213 animi
1419 3163 1477 3213 et
1510 3156 1728 3232 fugam,
1766 3154 1985 3211 laetitia

293 3235 594 3314 profusam
616 3235 984 3307 hilaritatem,
1008 3235 1191 3294 libido
1215 3236 1548 3294 effrenatam
1572 3235 1978 3313 appetentiam.
