2235 3581
567 173 706 221 LIB.
745 173 870 234 111„
907 173 1065 222 CAI’.
1101 167 1632 222 XXX11.-XXXIV.
1854 175 1947 222 111

260 276 496 354 patriae,
531 275 606 332 de
647 274 936 346 servitute,
973 274 1046 332 de
1088 274 1403 346 debilitate,
1440 274 1513 334 de
1554 274 1845 347 caecitate,
1876 275 1951 334 de

259 356 420 413 omni
465 375 614 426 casu,
655 355 716 412 in
763 375 877 433 quo
927 374 1141 413 nomen
1190 356 1331 432 poni
1387 354 1534 413 solet
1588 354 1945 415 calamitatis,

259 437 421 494 Haec
449 435 652 493 Graeci
681 436 742 493 in
771 435 1024 513 singulas
1053 435 1276 493 scholas
1309 441 1367 495 et
1394 436 1455 492 in
1486 436 1743 513 singulos
1771 436 1949 494 libros

259 517 640 594 dispertiunt:
679 536 824 594 opus
841 517 994 574 enim
1021 522 1334 594 quaerunt:
1374 535 1721 594 quamquam
1746 516 1947 594 plenae

259 597 682 675 disputationes
723 596 1123 654 delectationis
1166 603 1315 654 sunt.
1404 603 1496 655 82.
1542 597 1621 654 Et
1652 605 1845 655 tamen
1882 605 1948 655 ut

259 678 469 735 medici
496 684 624 734 toto
653 696 892 754 corpore
920 676 1175 734 curando
1204 677 1479 735 minimae
1507 678 1678 735 etiam
1704 678 1872 754 parti,
1899 679 1947 736 si

259 758 575 828 condoluit,
595 757 916 825 medentur,
943 757 1022 814 sic
1052 756 1439 835 philosophia,
1460 777 1592 815 cum
1623 759 1941 816 universam

258 838 676 915 aegritudinem
713 837 960 909 sustulit,
991 846 1205 909 tamen,
1238 838 1286 895 si
1322 839 1449 916 quis
1494 857 1649 896 error
1682 838 1945 896 alicunde

258 918 496 990 exstitit,
529 918 576 974 si
610 925 916 995 paupertas
954 918 1287 991 momordit,
1320 920 1369 976 si
1410 918 1731 994 ignominia
1764 937 1947 995 pupu-

257 999 362 1076 git,
394 998 444 1056 si
477 999 618 1076 quid
650 997 1012 1056 tenebrarum
1049 999 1263 1056 offudit
1296 1000 1557 1056 exsilium
1592 1006 1693 1056 aut
1726 1017 1942 1069 eorum,

259 1099 404 1156 quae
445 1079 623 1138 modo
666 1080 803 1150 dixi,
837 1080 883 1136 si
921 1079 1062 1156 quid
1094 1079 1332 1150 exstitit,
1366 1079 1720 1156 singularum
1753 1099 1945 1138 rerum

257 1167 393 1218 sunt
421 1161 685 1238 propriae
714 1159 1151 1230 consolationeS,
1173 1159 1245 1217 de
1275 1160 1483 1237 quibus
1510 1159 1707 1218 audies
1734 1168 1802 1218 tu
1824 1160 1945 1237 qui-

257 1241 408 1312 dem,
434 1260 563 1298 cum
594 1241 764 1298 voles,
851 1239 966 1298 Sed
998 1240 1071 1297 ad
1106 1240 1376 1298 eumdem
1406 1241 1631 1298 fontem
1666 1247 1944 1298 reverten-

256 1321 398 1379 dum
429 1329 530 1392 est,
556 1320 976 1396 aegritudinem
1014 1340 1245 1377 omnem
1280 1321 1480 1397 procul
1514 1320 1711 1378 abesse
1739 1340 1773 1377 a
1800 1321 1944 1398 sapi-

257 1409 407 1474 ente,
431 1401 587 1478 quod
621 1401 807 1458 inanis
841 1401 933 1473 sit,
967 1401 1127 1478 quod
1160 1401 1374 1458 frustra
1406 1400 1765 1478 suscipiatur,
1788 1401 1943 1477 quod

257 1501 372 1539 non
408 1490 612 1540 natura
644 1481 947 1552 exoriatur,
980 1481 1082 1538 sed
1114 1481 1348 1552 iudicio,
1386 1480 1488 1537 sed
1521 1481 1811 1557 opinione,
1844 1481 1945 1538 sed

257 1562 504 1640 quadam
540 1562 880 1620 invitatione
914 1561 987 1618 ad
1021 1561 1354 1630 dolendum,
1380 1581 1510 1618 eum
1547 1561 1610 1618 id
1637 1561 1946 1618 decreveri-

255 1663 387 1700 mus
408 1643 490 1700 ita
510 1642 632 1700 fieri
655 1650 933 1720 oportere.
1001 1647 1092 1698 83.
1125 1642 1259 1699 Hoc
1282 1641 1557 1711 detractO,
1578 1641 1735 1718 quod
1752 1647 1941 1699 totum

255 1732 344 1782 est
374 1723 775 1794 voluntarium,
801 1721 1103 1801 aegritudo
1140 1722 1248 1779 erit
1281 1721 1505 1779 sublata
1536 1721 1633 1779 illa
1664 1741 1939 1793 maerens,

257 1824 482 1862 morsus
508 1813 702 1862 tamen
726 1812 784 1861 et
806 1803 1328 1861 contractiunculae
1352 1803 1633 1881 quaedam
1662 1803 1842 1861 animi
1863 1822 1945 1861 re-

256 1884 602 1962 linquentur.
675 1884 844 1941 Hanc
867 1884 1063 1942 dicant
1091 1904 1225 1941 sane
1247 1884 1583 1955 naturalem,
1604 1884 1745 1941 dum
1766 1884 1945 1961 aegri-

253 1966 478 2023 tudinis
503 1984 714 2023 nomen
745 1964 895 2022 absit
923 1984 1109 2041 grave,
1135 1970 1400 2035 taetrum,
1421 1965 1748 2022 funestum:
1787 1964 1943 2041 quod

255 2066 386 2103 cum
411 2045 694 2124 sapientia
721 2064 842 2104 esse
864 2052 1052 2121 atque,
1073 2052 1140 2101 ut
1168 2044 1252 2101 ita
1271 2044 1476 2115 dicam,
1496 2044 1755 2102 habitare
1783 2044 1943 2102 nullo

253 2125 432 2184 modo
451 2126 650 2204 possit.
712 2124 797 2182 At
816 2144 960 2201 quae
978 2125 1186 2202 stirpes
1204 2132 1338 2181 sunt
1355 2124 1747 2201 aegritudiniS,
1770 2144 1942 2201 quam

255 2205 486 2277 multae,
509 2225 682 2283 quam
716 2204 969 2262 amarae!
1015 2224 1161 2281 quae
1191 2204 1321 2281 ipso
1355 2210 1559 2261 trunco
1594 2224 1789 2262 everso
1825 2223 1945 2260 om-

255 2305 357 2343 nes
386 2284 699 2344 eiiciendae
728 2292 864 2341 sunt
891 2292 965 2355 et,
988 2285 1036 2341 si
1071 2303 1299 2341 necesse
1334 2284 1458 2354 erit,
1484 2283 1724 2361 singulis
1752 2283 1945 2361 dispu-

254 2366 588 2424 tationibus,
649 2365 922 2443 Superest
941 2365 1092 2422 enim
1117 2363 1287 2421 nobis
1309 2363 1437 2434 hoc,
1463 2363 1813 2421 cuicuimodi
1837 2371 1939 2436 est,

255 2447 459 2505 otium.
543 2446 658 2504 Sed
706 2446 855 2503 ratio
902 2464 1018 2502 una
1060 2445 1321 2501 omnium
1364 2451 1453 2503 est
1495 2443 1939 2521 aegritudinum,

207 2522 420 2604 ·‘plura
446 2527 700 2585 nomina.
785 2526 938 2583 Nam
971 2533 1032 2583 et
1064 2524 1322 2583 invidere
1354 2524 1735 2602 aegritudinis
1768 2531 1855 2583 est
1883 2532 1945 2582 et

254 2608 528 2665 aemulari
569 2615 629 2665 et
670 2606 987 2665 obtrectare
1037 2613 1094 2663 et
1138 2606 1392 2663 misereri
1440 2612 1500 2663 et
1540 2605 1692 2683 angi,
1730 2604 1940 2682 lugere,

256 2706 521 2759 maerere,
547 2707 818 2745 aerumna
844 2686 1030 2757 adfici,
1054 2686 1371 2758 lamentari,
1396 2685 1705 2755 sollicitari,
1731 2685 1940 2756 dolere,

256 2767 316 2823 in
347 2768 612 2826 molestia
640 2787 777 2837 esse,
798 2766 1096 2836 adflictari,
1122 2766 1434 2844 desperare.
1511 2770 1602 2823 84.
1639 2766 1802 2823 Haec
1824 2785 1945 2823 om-

255 2848 354 2905 nia
386 2848 670 2906 definiunt
702 2848 902 2918 Stoici,
923 2866 1102 2925 eaque
1136 2847 1323 2918 verba,
1348 2866 1495 2923 quae
1528 2845 1666 2916 dixi,
1698 2846 1939 2923 singula·

255 2946 383 2985 rum
412 2948 600 2986 rerum
630 2936 780 2999 sunt,
801 2948 936 2998 non,
960 2935 1027 2985 ut
1049 2926 1331 2998 videntur,
1356 2927 1585 2985 easdem
1614 2946 1703 2983 res
1732 2925 1939 3001 signifi-

256 3014 405 3079 cant,
443 3008 544 3065 sed
585 3008 803 3086 aliquid
845 3008 1139 3075 differunt,
1172 3007 1329 3084 quod
1371 3008 1484 3063 alio
1526 3007 1654 3064 loeo
1697 3006 1942 3062 fortasse

255 3088 644 3147 tractabimus,
727 3089 888 3145 llaec
922 3095 1056 3144 sunt
1098 3087 1226 3143 illae
1266 3086 1440 3144 fibrae
1483 3086 1768 3163 stirpium,
1804 3103 1943 3160 quas

256 3169 426 3227 initio
456 3168 596 3240 dixi,
616 3166 1041 3246 persequendae
1070 3173 1129 3223 et
1158 3186 1359 3223 omnes
1380 3165 1707 3234 eiiciendae,
1726 3183 1799 3219 ne
1821 3182 1940 3219 um-

258 3268 430 3326 quam
465 3248 582 3306 ulla
615 3248 796 3325 possit
839 3247 1123 3305 exsistere.
1210 3245 1487 3322 Magnum
1528 3263 1674 3320 opus
1708 3249 1767 3300 et
1798 3242 1943 3300 diffi-
