2235 3581
637 185 775 237 Lm.
809 187 874 247 1.,
907 187 1062 236 CAP.
1102 185 1596 236 §amr-xxxv,
1897 190 1962 236 35

356 289 433 347 M.
472 289 611 347 Maii
633 308 767 346 vero
791 288 932 365 quid
953 287 1142 345 adfert
1163 288 1276 344 ista
1295 289 1610 346 sententia?
1672 287 1784 346 Fac
1807 289 1960 345 enim

274 373 355 430 sic
378 371 636 428 animum
657 369 906 440 interire,
930 375 997 426 ut
1024 387 1249 445 corpuS,
1273 366 1410 425 num
1440 368 1620 436 iqitur
1640 368 1844 449 aliquis
1865 369 1962 426 do-

272 453 361 510 lor
388 457 487 508 aut
518 450 755 507 omnino
790 455 923 526 post
956 455 1205 505 mortem
1240 467 1437 504 sensus
1469 450 1531 505 in
1565 467 1802 525 corpore
1837 452 1961 507 est?

273 532 463 589 Nemo
499 531 564 588 id
598 529 832 607 quidem
875 529 1033 599 dicit,
1070 529 1182 585 etsi
1221 526 1622 586 Democritum
1665 529 1960 587 insimulat

272 613 571 689 EpicuruS‚
602 609 946 667 Democritii
974 611 1206 684 negant.
1292 607 1383 665 Ne
1410 608 1470 664 in
1499 609 1692 665 animo
1724 609 1956 685 quidem

271 693 451 768 igitur
478 709 675 748 sensus
696 694 983 746 remanet:
1027 688 1152 764 ipse
1181 688 1334 744 enim
1363 706 1645 764 nusquam
1669 696 1769 746 est.
1835 688 1957 747 Ubi

270 771 451 848 igitur
498 770 714 826 malum
764 775 866 840 est,
912 768 1186 845 quoniam
1237 767 1381 823 nihil
1432 768 1667 824 tertium
1711 770 1828 825 est?
1883 788 1956 826 an

273 846 599 927 [quoniam]
648 850 770 925 ipse
816 849 993 905 animi
1039 848 1320 905 discessus
1364 867 1399 904 a
1443 866 1679 924 corpore
1728 867 1845 904 non
1890 847 1956 906 fit

271 933 394 988 sine
436 930 671 987 dolore?
746 929 833 986 Ut
868 928 1096 985 credam
1129 928 1214 984 ita
1245 947 1382 997 esse,
1421 947 1593 1004 quam
1629 934 1715 984 est
1747 928 1811 985 id
1844 929 1957 986 exi-

270 1011 484 1086 guum!
568 1008 684 1066 Sed
723 1008 935 1066 falsum
978 1027 1097 1065 esse
1139 1007 1386 1065 arbitror
1419 1014 1476 1064 et
1509 1006 1577 1063 fit
1618 1007 1955 1084 plerumque

270 1091 612 1160 sine'sensu,
649 1107 765 1145 non
800 1107 1115 1164 numquam
1152 1089 1326 1144 etiam
1361 1107 1494 1144 cum
1522 1087 1834 1164 voluptate,
1871 1095 1956 1144 to-

269 1178 511 1246 tumque
543 1169 655 1226 hoc
687 1168 810 1226 leve
844 1174 946 1239 est,
980 1167 1392 1244 qualecumque
1427 1174 1546 1224 est:
1591 1166 1659 1224 fit
1693 1167 1846 1224 enim
1881 1168 1954 1224 ad

269 1257 549 1326 'punctum
593 1248 886 1325 temporis,
975 1255 1066 1304 83.
1113 1246 1267 1304 Illud
1308 1247 1471 1324 angit
1503 1247 1592 1304 vel
1633 1248 1830 1324 potius
1864 1267 1954 1303 ex»

270 1330 500 1400 cruciat,
532 1329 812 1404 discessus
840 1327 912 1384 ab
949 1326 1216 1384 omnibus
1250 1328 1337 1398 iis,
1371 1346 1515 1403 quae
1545 1334 1678 1383 sunt
1707 1326 1860 1383 bona
1892 1328 1952 1384 in

269 1411 401 1466 vita.
481 1409 634 1468 Vide
667 1428 739 1465 ne
780 1409 864 1464 “a
894 1407 1107 1464 malis'’
1145 1407 1260 1464 dici
1293 1408 1479 1463 verius
1521 1407 1719 1482 possit.
1799 1405 1954 1473 Quid.

242 1508 380 1566 ,ego
422 1508 575 1546 nunc
624 1488 849 1564 lugeam
893 1489 1073 1544 vitam
1121 1487 1463 1544 hominum?
1537 1486 1690 1545 Vere
1733 1491 1792 1542 et
1831 1487 1953 1546 iuri..

268 1588 521 1645 possum.
608 1568 723 1626 Sed
774 1568 913 1644 quid
961 1586 1188 1624 necesse
1240 1573 1342 1636 est,
1379 1585 1510 1622 cum
1555 1565 1618 1622 id
1659 1585 1844 1642 agam,
1880 1584 1954 1632 ne

268 1655 402 1724 post
428 1655 676 1706 mortem
703 1649 941 1705 miseros
975 1667 1081 1704 nos
1112 1653 1384 1723 putemus
1410 1646 1552 1716 fore,
1578 1645 1752 1702 etiam
1775 1645 1952 1702 vitam

268 1727 488 1785 efficere
516 1728 869 1805 deplorando
896 1727 1284 1784 miseriorem?
1365 1726 1627 1783 Fecimus
1655 1725 1766 1782 hoc
1793 1725 1854 1781 in
1885 1741 1954 1784 eo

268 1808 432 1878 libro,
463 1810 523 1865 in
554 1828 669 1886 quo
706 1814 934 1865 nosmet
973 1808 1132 1884 ipsos
1173 1813 1453 1883 quantum
1494 1807 1790 1883 potuimus
1824 1826 1956 1863 con-

268 1888 435 1946 solati
478 1908 688 1946 sumuS.
757 1889 817 1945 A
850 1887 1014 1943 malis
1054 1887 1234 1963 igitur
1259 1887 1430 1943 'mors
1471 1886 1723 1958 abducit,
1761 1906 1877 1943 non
1921 1906 1956 1943 a

267 1968 452 2040 boniS,
482 1988 680 2025 verum
720 1968 768 2025 si
808 1968 1148 2044 quaerimus,
1235 1966 1311 2023 Et
1350 1967 1584 2043 quidem
1622 1967 1734 2023 hoc
1771 1986 1806 2023 a
1843 1966 1954 2043 Cy-

267 2049 493 2105 renaico
527 2048 780 2125 Hegesia
812 2048 893 2104 sic
927 2048 1160 2123 copiose
1197 2047 1540 2123 disputatur,
1573 2053 1639 2104 ut
1671 2047 1720 2103 is
1754 2066 1788 2103 a
1820 2066 1953 2123 rege

267 2128 602 2185 Ptolemaeo
636 2127 961 2204 prohibitus
1000 2146 1120 2183 esse
1156 2126 1378 2183 dicatur
1411 2126 1510 2184 illa
1543 2127 1603 2183 in
1633 2126 1843 2184 scholis
1872 2126 1954 2183 di-

266 2227 409 2279 cere,
448 2208 604 2284 quod
644 2207 815 2264 multi
856 2207 928 2263 iis
970 2206 1184 2263 auditis
1224 2213 1472 2263 mortem
1515 2206 1626 2263 sibi
1666 2206 1780 2282 ipsi
1823 2225 1954 2263 eon-

268 2288 585 2345 sciscerent.
622 2322 627 2327 -
673 2292 765 2344 84.
811 2285 1149 2344 Callimachi
1205 2285 1440 2361 quidem
1494 2286 1852 2362 epigramma
1891 2286 1952 2342 in

266 2367 700 2424 Ambraciotam
738 2365 1176 2423 Cleombrotum
1219 2368 1323 2434 est,
1369 2384 1540 2441 quem
1583 2366 1858 2435 ait,³³‘cum
1900 2366 1953 2421 ei

266 2447 410 2503 nihil
447 2448 747 2505 accidisset
780 2446 1017 2515 adversi,
1044 2465 1074 2502 e
1104 2464 1269 2502 muro
1300 2464 1359 2503 se
1394 2446 1453 2501 in
1485 2464 1640 2501 mare
1680 2444 1952 2502 abiecisse

267 2528 417 2584 lecto
445 2527 707 2585 Platonis
734 2526 896 2583 libro.
982 2526 1122 2583 Eius
1151 2532 1361 2596 antem,
1395 2544 1564 2602 quem
1594 2524 1731 2597 dixi,
1763 2525 1954 2603 Hege-

266 2607 381 2663 siae
423 2606 567 2663 liber
607 2613 708 2677 est,
739 2605 1164 2681 Ἀποκαρτερῶν,
1203 2599 1326 2681 [in]
1352 2623 1466 2682 quo
1505 2624 1540 2661 a
1565 2606 1686 2662 vita
1717 2606 1950 2683 quidam

264 2705 369 2762 per
408 2686 661 2743 inediam
703 2686 1001 2743 discedens
1040 2691 1342 2743 revocatur
1381 2685 1453 2742 ab
1495 2685 1710 2756 amida,
1744 2686 1952 2762 quibus

265 2766 617 2842 respondens
664 2767 817 2823 vitae
871 2766 1156 2823 humanae
1212 2771 1509 2822 enumerat
1562 2766 1946 2823 incommoda.

266 2845 502 2903 Possem
538 2846 601 2903 id
632 2846 837 2917 facere,
870 2845 976 2903 etsi
1010 2846 1405 2922 minus-quam
1439 2845 1551 2916 ille,
1585 2846 1685 2923 qui
1713 2846 1949 2903 omnino

266 2926 453 2982 vivere
476 2922 742 3002 eitpedire
771 2926 990 2982 nemini
1018 2931 1202 3002 putat.
1289 2925 1463 2982 Mitto
1485 2926 1661 2983 alios:
1703 2926 1950 2983 etiamne

264 3004 433 3061 nobis
462 3006 731 3082 expedit?
774 3006 873 3082 qui
908 3012 966 3062 et
998 3004 1332 3063 domesticis
1365 3011 1424 3062 et
1455 3005 1782 3064 forensibus
1811 3004 1950 3060 sola-

264 3085 367 3141 ciis
396 3086 858 3162 ornamentisque
880 3085 1090 3162 privati
1112 3091 1280 3156 certe,
1301 3085 1350 3141 si
1371 3092 1504 3143 ante
1528 3086 1945 3154 occidissemus,

264 3183 419 3222 mors
448 3184 554 3221 nos
582 3185 616 3222 a
644 3166 823 3235 maliS‚
853 3185 971 3222 non
1001 3185 1035 3223 a
1060 3166 1230 3222 bonis
1258 3165 1637 3223 abstraxisset.

344 3244 603 3303 XXXV.
704 3251 796 3302 85.
850 3244 940 3301 Sit
989 3245 1171 3321 igitur
1217 3245 1422 3321 aliquis
1472 3245 1571 3321 qui
1618 3241 1762 3299 nihil
1812 3242 1949 3299 mali
