2235 3581
820 187 959 238 LIB.
998 187 1067 245 1.,
1100 188 1258 238 CAP.
1293 188 1473 238 1.-1V.
1977 193 2010 237 5

309 303 323 332 ·’
403 289 512 347 ΙΙΙ.
544 288 630 348 At
658 296 859 347 contra
886 296 1174 347 oratorem
1197 288 1452 347 celeriter
1479 288 1764 365 complexi
1793 309 2005 362 sumus,

320 389 426 428 nec
469 389 601 427 eum
643 369 1184 447 primo'eruditum,
1222 377 1421 446 aptum
1464 376 1660 426 tamen
1704 369 1778 426 ad
1819 370 2009 427 dicen-

320 451 478 522 dum,
509 457 646 527 post
684 453 877 507 autem
920 449 1228 507 eruditum.
1315 449 1466 506 Nam
1501 448 1760 521 Galbam,
1785 447 2004 507 Africa·

320 551 479 602 num,
513 530 771 588 Laelium
801 530 1005 587 doctos
1032 529 1212 586 fuisse
1239 529 1518 586 traditum
1547 536 1650 600 est,
1681 529 2004 587 studiosum

320 618 515 669 autem
558 630 707 682 eum,
746 611 845 689 qui
885 611 959 667 iis
1000 617 1188 667 aetate
1229 609 1501 680 anteibat,
1537 609 1837 681 Catonem,
1873 619 2008 687 post

319 711 453 748 vero
477 691 779 768 Lepidum,
800 689 1141 761 Carbonem,
1167 689 1472 762 GracchOS,
1494 689 1628 746 inde
1655 690 1738 746 ita
1764 709 2006 767 magnos

319 778 574 828 nostram
605 771 679 829 ad
706 777 971 842 aetatem,
1003 778 1069 827 ut
1097 789 1216 826 non
1235 770 1493 826 'multum
1523 776 1623 828 aut
1649 769 1793 826 nihil
1825 771 2008 827 omni-

320 871 396 908 no
430 851 663 908 Grraecis
696 851 1004 908 cederetur.
1091 849 1474 926 Philosophia
1503 850 1680 907 iacuit
1719 870 1899 927 usque
1933 851 2006 908 ad

318 931 465 988 hanc
514 938 761 988 aetatem
810 950 915 988 nec
964 930 1144 987 ullum
1195 930 1398 987 habuit
1446 930 1642 988 lumen
1685 930 2004 988 litterarum

282 1049 289 1053 ·
319 1010 671 1083 Latinarum,
698 1030 841 1088 quae
882 1010 1222 1068 illustranda
1258 1017 1315 1067 et
1358 1011 1658 1067 excitanda
1699 1011 1866 1067 nobis
1899 1018 2001 1083 est,

319 1099 400 1162 ut,
426 1092 474 1147 si
496 1092 761 1168 occupati
782 1091 1109 1168 profuimus
1125 1091 1355 1168 ‘aliquid
1379 1091 1598 1148 civibus
1627 1091 1852 1162 nostriS,
1877 1110 2005 1167 pro-

304 1171 495 1228 simus
525 1171 717 1243 etiam,
750 1173 797 1228 si
825 1191 1146 1248 possumne,
1173 1171 1360 1237 otiosi.
1450 1177 1501 1228 6.
1549 1171 1616 1228 In
1646 1191 1762 1249 quo
1792 1191 1860 1228 eo
1888 1191 2004 1228 ma-

316 1251 406 1325 gis
433 1251 602 1308 nobis
632 1258 718 1309 est
746 1251 1173 1322 elaborandum,
1200 1251 1357 1329 quod
1378 1251 1548 1308 multi
1577 1252 1696 1308 iam'
1723 1271 1842 1308 esse
1871 1251 2003 1308 libri

317 1330 508 1388 Latini
538 1331 809 1389 dicuntur
842 1333 1039 1409 scripti
1073 1331 1494 1389 inconsiderate
1521 1331 1594 1388 ab
1625 1332 1862 1408 optimis
1889 1332 2003 1388 illis

318 1412 550 1487 quidem
594 1412 747 1484 viris,
785 1412 885 1469 sed
934 1431 1051 1468 non
1094 1413 1232 1468 satis
1275 1411 1530 1469 eruditis
1616 1411 1766 1468 Fieri
1809 1419 2002 1469 autem

316 1499 511 1567 potest
538 1499 603 1548 ut
632 1499 781 1550 recte
813 1493 941 1569 quis
970 1492 1179 1549 sentiat
1215 1499 1272 1549 et
1300 1492 1377 1563 id,
1411 1492 1568 1568 quod
1596 1492 1786 1563 sentit,
1818 1492 2002 1568 polite

302 1570 510 1648 'eloqui
551 1591 666 1629 non
709 1573 911 1649 possit,
948 1573 1065 1636 sed·
1090 1571 1363 1628 mandare
1407 1590 1751 1649 quemquam
1794 1570 2002 1629 litteris

316 1652 696 1728 cogitationes
726 1673 855 1710 suas
878 1653 977 1730 qui
1007 1671 1101 1710 eas
1129 1671 1234 1710 nec
1257 1652 1559 1728 disponere
1587 1671 1692 1710 nec
1722 1651 2000 1710 illustrare

314 1733 499 1809 possit
532 1752 636 1790 nec
671 1733 1050 1792 delectatione
1084 1733 1276 1811 aliqua
1309 1732 1551 1790 adlicere
1579 1733 1869 1804 lectorem,
1900 1731 2002 1789 ho-

313 1814 488 1870 minis
516 1820 603 1871 est
636 1814 1085 1891 intemperanter
1119 1814 1410 1871 abutentis
1445 1820 1503 1871 et
1537 1814 1658 1871 otio
1689 1821 1748 1871 et
1775 1814 1996 1871 litteris

316 1893 518 1971 Itaque
542 1914 675 1951 suos
702 1894 879 1952 libros
907 1894 1019 1971 ipsi
1046 1894 1248 1971 legunt
1271 1913 1402 1951 cum
1432 1894 1548 1951 suis
1569 1913 1674 1951 nec
1698 1894 1998 1971 quisquam

314 1968 549 2051 attingit
576 1981 802 2052 praeter
831 1994 944 2045 eOS,
972 1975 1071 2052 qui
1102 1973 1364 2031 eamdem
1390 1974 1684 2031 licentiam
1714 1974 1999 2032 scribendi

314 2054 423 2111 sibi
471 2056 732 2131 permitti
774 2055 991 2112 volunt.
1078 2054 1206 2123 Qua
1254 2074 1312 2111 re
1362 2055 1408 2111 si
1459 2054 1678 2132 aliquid
1720 2055 2000 2113 oratoriae

313 2134 499 2191 laudis
540 2142 738 2192 nostra
778 2135 1079 2192 attulimus
1121 2135 1420 2207 industria,
1457 2135 1644 2191 multo
1689 2136 2000 2192 studiosius
2037 2180 2046 2186 .

312 2214 715 2291 philosophiae
758 2215 951 2273 fontes
992 2215 1332 2291 aperiemuS,
1364 2234 1396 2272 e
1439 2215 1646 2292 quibus
1688 2215 1860 2271 etiam
1905 2215 2002 2272 illa

316 2294 641 2352 manabant.

395 2373 499 2432 IV.
588 2374 639 2432 7.
686 2374 802 2433 Sed
841 2382 907 2433 ut
942 2374 1299 2446 AristoteleS,
1339 2374 1423 2431 vir
1471 2394 1698 2431 summo
1743 2373 1996 2451 ingeniO,

313 2455 567 2526 scientia,
605 2456 787 2533 copia,
826 2475 953 2513 cum
1005 2463 1201 2513 motus
1249 2462 1399 2512 esset
1439 2455 1708 2512 Isocratis
1756 2454 2000 2512 rhetoris

311 2534 510 2610 gloria,
549 2535 737 2592 dicere
786 2536 961 2593 etiam
1014 2536 1208 2612 coepit
1255 2534 1644 2592 adolescentes
1693 2536 1898 2592 docere
1941 2542 1999 2592 et

314 2615 679 2690 prudentiam
709 2634 840 2672 cum
871 2615 1200 2693 eloquentia
1225 2616 1480 2692 iungere,
1506 2616 1586 2672 sic
1615 2614 1784 2672 nobis
1811 2615 1999 2691 placet

312 2713 415 2751 nec
449 2694 759 2771 pristinum
799 2696 1029 2753 dicendi
1072 2695 1330 2752 studium
1375 2696 1660 2771 deponere
1704 2701 1762 2753 et
1796 2696 1855 2751 in
1891 2695 1998 2752 hac

314 2774 528 2831 maiore
558 2782 616 2832 et
644 2774 905 2833 uberiore
940 2782 1060 2833 arte
1088 2776 1314 2833 versari.
1400 2775 1569 2832 Hanc
1599 2777 1752 2832 enim
1781 2776 2000 2853 perfec-

310 2860 431 2911 tam
457 2854 889 2931 philosophiam
918 2874 1144 2931 semper
1170 2854 1436 2926 iudicavi,
1463 2874 1607 2932 quae
1630 2856 1702 2913 de
1729 2856 1998 2913 maximis

312 2933 745 3011 quaestionibus
795 2936 1026 3011 copiose
1078 2941 1277 3011 posset
1331 2943 1643 3012 ornateque
1699 2936 1886 2992 dicere
1935 2936 1996 2991 in

312 3032 485 3090 quam
520 3014 987 3072 exercitationem
1032 3014 1117 3071 ita
1150 3033 1256 3071 nos
1290 3015 1546 3072 studiose
1581 3010 1868 3093 [operam]
1905 3015 1998 3072 de-

309 3093 519 3165 dimuS,
543 3100 611 3151 ut
639 3094 753 3151 iam
782 3095 956 3153 etiam
986 3093 1210 3152 scholas
1231 3094 1578 3152 Graecorum
1607 3114 1768 3152 more
1788 3093 1998 3152 habere

308 3173 678 3232 auderemus:
720 3182 787 3231 ut
819 3194 1003 3253 nuper
1034 3182 1204 3233 tuum
1238 3182 1372 3252 post
1407 3175 1718 3232 discessum
1760 3174 1822 3231 in
1857 3172 1997 3232 Tus-

310 3253 532 3325 culan0,
578 3274 708 3311 cum
766 3262 954 3313 essent
1010 3254 1334 3332 complures
1387 3274 1614 3313 mecum
1669 3254 1994 3325 familiareS,

1143 3338 1170 3365 ⁶)
