2235 3581
228 137 286 182 12
446 134 821 183 'rUsCULAN
831 133 1037 182 ARUM
1081 131 1682 183 DISPUTATIONUM

222 238 521 296 hominum
548 238 964 314 disputantium
989 238 1178 314 primo
1200 236 1347 294 libro
1367 237 1584 295 multos
1604 237 1906 315 loquentes

222 319 396 375 facit:
441 317 667 374 duobus
700 317 1080 374 Pherecraten
1110 317 1417 394 quemdam
1452 317 1794 374 Phthiotam
1825 338 1907 376 se-

222 417 373 468 nem,
400 417 569 474 quem
604 398 686 454 ait
718 417 754 454 a
786 397 1138 454 Deucalione
1174 404 1382 468 ortum,
1415 397 1786 455 disserentem
1822 399 1906 454 in-

223 478 400 548 ducit,
424 476 568 534 nihil
598 497 717 534 esse
747 478 984 534 omnino
1018 478 1275 534 animum
1312 484 1372 534 et
1403 476 1514 534 hoc
1543 497 1663 534 esse
1691 497 1904 536 nomen

222 565 412 614 totum
442 557 609 615 inane
638 557 963 634 frustraque
986 557 1255 613 animalia
1281 563 1341 614 et
1369 557 1688 614 animantes
1715 559 1907 634 appel-

223 638 342 707 lari,
368 657 553 714 neque
581 638 641 693 in
672 637 905 694 homine
928 637 1111 694 inesse
1135 637 1392 694 animum
1415 637 1503 694 vel
1526 637 1776 694 animam
1799 657 1904 694 nec

222 719 281 774 in
310 717 508 788 bestia,
535 718 767 809 vimque
800 735 1031 774 omnem
1066 736 1210 788 eam,
1237 737 1350 794 qua
1371 717 1459 774 vel
1467 737 1730 808 agamus
1765 718 1904 794 quid

222 798 310 854 vel
345 797 657 854 sentiamus
685 798 744 854 in
774 796 1041 854 omnibus
1070 796 1405 874 corporibus
1425 797 1570 854 vivis
1599 797 1905 874 aequabili-

220 886 309 934 ter
330 897 450 934 esse
478 878 667 934 fusam
690 896 795 933 nec
818 876 1189 968 separabilem
1211 897 1246 934 a
1267 896 1504 969 corpore
1527 896 1662 948 esse,
1690 877 1904 953 quippe

223 977 367 1035 quae
408 957 565 1014 nulla
592 958 669 1014 sit
708 976 813 1014 nec
856 957 929 1014 sit
964 956 1280 1034 quidquam
1321 957 1433 1013 nisi
1475 976 1682 1033 corpus
1723 976 1902 1013 unum

221 1045 280 1094 et
322 1037 581 1114 simplex,
618 1038 701 1095 ita
740 1036 1065 1114 figuratum,
1101 1044 1168 1094 ut
1207 1037 1625 1114 tempelatione
1668 1043 1904 1094 naturae

223 1118 411 1194 vigeat
445 1124 503 1174 et
537 1118 758 1174 sentiat.
846 1123 938 1174 22.
976 1115 1317 1175 Aristoteles
1355 1117 1526 1194 longe
1555 1116 1905 1174 omnibus—-

222 1198 525 1255 Platonem
569 1217 793 1272 semper
834 1197 1436 1274 excipio—praestans
1477 1204 1536 1254 et
1577 1197 1810 1289 ingenio
1845 1205 1906 1255 et

222 1277 537 1354 diligentia,
560 1297 699 1335 cum
736 1284 1008 1354 quattuor
1048 1285 1189 1334 nota
1225 1277 1324 1335 illa
1355 1296 1564 1353 genera
1595 1277 1904 1355 principio-

220 1378 347 1415 rum
372 1365 519 1415 esset
540 1357 886 1434 complexuS‚
904 1377 935 1414 e
959 1357 1166 1434 quibus
1194 1358 1392 1415 omnia
1412 1364 1720 1429 orerentur,
1744 1359 1906 1434 quin-

220 1445 339 1494 tam
376 1438 684 1515 quamdam
719 1445 979 1495 naturam
1016 1445 1210 1495 censet
1244 1457 1380 1510 esse,
1402 1457 1433 1495 e
1470 1457 1582 1515 qua
1613 1438 1690 1494 sit
1721 1457 1900 1496 mens,

221 1517 491 1595 Cogitare
533 1519 687 1576 enim
731 1524 789 1575 et
829 1518 1130 1595 providere
1165 1525 1224 1575 et
1257 1518 1472 1576 discere
1514 1525 1573 1575 et
1614 1518 1818 1575 docere
1847 1525 1905 1575 et

220 1599 475 1656 invenire
498 1598 714 1676 aliquid
738 1605 796 1656 et
824 1607 944 1656 tam
974 1598 1159 1656 multa
1180 1599 1304 1670 alia,
1325 1598 1673 1670 meminisse,
1695 1617 1900 1670 amare,

220 1678 424 1749 odisse,
457 1698 679 1754 cupere,
711 1679 929 1750 timere,
961 1679 1113 1754 angi,
1152 1679 1379 1736 laetari:
1423 1677 1563 1736 haec
1598 1686 1656 1736 et
1698 1679 1906 1736 similia

220 1777 415 1817 eorum
453 1759 509 1815 in
543 1758 749 1816 horum
781 1765 1053 1836 quattuor
1086 1777 1364 1835 generum
1396 1758 1580 1817 inesse
1614 1758 1773 1817 nullo
1803 1778 1906 1835 pu-

219 1845 339 1897 tat:
384 1840 651 1917 quintum
697 1860 879 1917 genus
924 1838 1160 1896 adhibet
1194 1858 1400 1896 vacans
1443 1840 1680 1897 nomine
1721 1846 1781 1897 et
1823 1840 1904 1897 sic

219 1920 410 1997 ipsum
467 1920 724 1977 animum
768 1918 1121 1995 ἐνδελέχειαν
1183 1918 1434 1996 appellat
1473 1938 1627 1977 novo
1670 1920 1906 1978 nomine

222 2001 383 2077 quasi
430 2000 740 2077 quamdam
789 2000 1182 2057 continuatam
1239 1999 1559 2056 motionem
1603 2006 1662 2059 et
1710 2020 1908 2077 peren-

222 2099 369 2138 nem.
1027 2092 1034 2099 ‘

300 2160 407 2218 XI.
452 2160 581 2217 Nisi
613 2180 758 2238 quae
785 2179 879 2217 me
908 2160 1060 2217 forte
1082 2160 1335 2236 fugiunt,
1359 2158 1501 2217 haec
1530 2168 1664 2218 sunt
1691 2161 1811 2219 fere
1833 2161 1906 2219 de

221 2241 413 2298 animo
438 2241 768 2298 sententiae.
836 2239 1240 2298 Democritum
1256 2240 1428 2312 enim,
1444 2260 1720 2319 magnum
1743 2241 1906 2298 illum

222 2320 455 2398 quidem
490 2322 693 2391 virum,
736 2320 836 2378 sed
877 2320 1097 2378 levibus
1141 2327 1200 2378 et
1245 2321 1508 2378 rotundis
1556 2322 1908 2399 corpusculis

222 2400 561 2459 efficientem
592 2402 850 2458 animum
878 2420 1160 2459 concursu
1183 2401 1434 2478 quodam
1464 2402 1711 2459 fortuito
1741 2402 1908 2459 omit-

220 2489 425 2539 tamus
517 2480 677 2537 Nihil
709 2488 796 2538 est
825 2482 976 2539 enim
1008 2482 1165 2559 apud
1195 2482 1336 2538 istos
1359 2481 1516 2558 quod
1543 2501 1659 2539 non
1690 2489 1908 2539 atomo-

222 2581 349 2619 rum
378 2560 547 2618 turba
575 2560 854 2619 conficiat.
942 2568 1035 2619 23.
1074 2562 1300 2619 Harum
1324 2562 1736 2620 sententiarum
1763 2581 1907 2639 quae

222 2660 355 2699 vera
382 2642 458 2698 sit
486 2641 625 2699 deus
646 2641 824 2720 aliqui
846 2642 1087 2700 viderit:
1127 2661 1270 2719 quae
1293 2643 1412 2699 veri
1441 2641 1733 2699 simillima
1753 2661 1908 2719 mag-

222 2741 298 2779 na
332 2722 590 2799 quaestio
620 2730 720 2781 est.
798 2722 1016 2781 Utrum
1049 2722 1229 2799 igitur
1269 2722 1420 2779 inter
1459 2721 1562 2779 has
1595 2723 1909 2781 sententias

224 2802 536 2860 diiudicare
565 2803 851 2860 malumus
879 2823 950 2860 an
980 2804 1054 2861 ad
1082 2802 1448 2881 propositum
1475 2802 1694 2860 redire?

304 2881 385 2939 A..
414 2882 699 2960 Cuperem
731 2883 999 2960 equidem
1027 2891 1352 2961 utrumque,
1385 2883 1432 2939 si
1460 2888 1672 2959 posset,
1693 2882 1794 2940 sed
1823 2888 1909 2942 est

223 2962 454 3029 difficile
484 2963 852 3021 confundere.
932 2963 1060 3033 Qua
1079 2983 1140 3021 re
1163 2964 1228 3036 si,
1253 2970 1320 3021 ut
1347 2964 1460 3021 ista
1484 2982 1605 3021 non
1633 2963 1911 3021 disseran-

224 3051 332 3114 tur,
359 3042 586 3101 liberari
618 3045 823 3101 mortis
861 3053 1017 3102 metu
1062 3063 1385 3121 possumuS‚
1410 3044 1472 3100 id
1505 3061 1775 3122 agamus:
1821 3044 1908 3099 sin

223 3123 287 3180 id
323 3142 440 3180 non
485 3130 681 3201 potest
712 3125 822 3181 nisi
852 3124 957 3182 hac
994 3125 1327 3201 quaestione
1377 3124 1701 3181 animorum
1735 3122 1910 3201 expli-

225 3209 368 3274 cata,
392 3221 562 3276 nunc,
587 3204 634 3261 si
657 3204 899 3276 videtur,
926 3204 1051 3276 hoc,
1076 3203 1220 3261 illud
1249 3203 1402 3261 alias,
