2235 3581
259 169 354 218 188
479 166 1074 220 TUSCULANARUM
1117 167 1605 251 DISPUTA'I'IQN
1613 169 1720 220 ΠΜ

257 275 429 341 ster0,
459 288 594 326 cum
627 275 890 346 ageretur
921 269 994 327 de
1027 268 1242 341 dolore,
1266 275 1402 326 sunt
1428 269 1584 328 dicta
1616 270 1688 328 de
1720 277 1940 328 morte:

257 369 402 427 quae
433 350 532 427 qui
559 349 903 420 recordetur,
922 349 1080 406 haud
1101 369 1235 409 sane
1263 349 1579 426 periculum
1610 357 1697 408 est
1723 369 1797 407 ne
1825 370 1943 407 non

255 437 504 486 mortem
539 436 639 487 aut
673 429 986 505 optandam
1021 436 1121 486 aut
1154 437 1305 486 certe
1339 449 1457 486 non
1490 430 1809 487 timendam
1842 449 1947 506 pu-

255 515 356 566 tet.
443 507 598 566 XLI.
637 509 784 565 Mihi
805 509 1039 586 quidem
1069 509 1129 565 in
1154 509 1273 565 vita
1300 509 1573 566 servanda
1594 510 1821 567 videtur
1848 510 1947 567 illa

255 589 363 660 lex,
391 607 536 665 quae
563 589 625 645 in
652 588 1000 646 Graecorum
1029 589 1309 646 conviviis
1337 588 1629 646 obtinetur
1652 608 1665 647 :
1710 589 1841 646 Aut
1870 591 1947 645 bi-

258 670 368 740 bat,
393 669 600 746 inquit,
625 676 731 724 aut
758 669 934 726 abeat.
1019 668 1096 726 Et
1125 676 1293 726 recte.
1376 667 1504 726 Aut
1536 670 1691 726 enim
1718 670 1947 727 fruatur

255 747 462 825 aliquis
503 749 718 826 pariter
757 767 890 806 cum
931 747 1057 806 aliis
1097 748 1395 824 voluptate
1436 748 1678 824 potandi
1720 757 1836 820 aut,
1874 768 1946 806 ne

257 828 481 886 sobrius
509 829 569 885 in
599 828 932 886 violentiam
960 828 1386 886 vinolentorum
1413 828 1649 900 incidat,
1674 836 1806 886 ante
1836 829 1947 885 dis-

256 908 438 966 cedat.
525 907 621 965 Sic
649 909 886 965 iniurias
911 908 1198 979 fortunae,
1225 927 1365 984 quas
1388 908 1537 966 ferre
1565 927 1831 986 nequeaS,
1853 909 1948 966 de-

256 987 540 1064 fugiendo
562 987 863 1065 relinquas,
949 987 1111 1045 Haec
1140 987 1338 1045 eadem
1363 1007 1508 1065 quae
1530 988 1813 1066 Epicurus
1834 995 1945 1046 tot-

259 1067 416 1124 idem
446 1067 633 1125 verbis
661 1067 804 1125 dicit
831 1067 1243 1144 Hieronymus.

343 1153 474 1206 119.
512 1147 685 1216 Quod
717 1148 766 1205 si
807 1148 851 1205 ii
883 1146 1235 1224 philosophi,
1268 1167 1513 1224 quorum
1556 1168 1623 1206 ea
1664 1149 1948 1206 sententia

257 1235 360 1300 est,
385 1234 452 1285 ut
479 1229 660 1286 virtus
688 1247 792 1305 per
818 1247 878 1286 se
906 1228 1032 1304 ipsa
1063 1226 1211 1284 nihil
1238 1227 1438 1298 valeat,
1464 1247 1765 1306 omneque,
1792 1229 1949 1306 quod

256 1307 565 1366 honestum
609 1327 716 1366 nos
753 1314 812 1365 et
844 1307 1128 1364 laudabile
1170 1326 1292 1364 esse
1327 1307 1588 1379 dicimuS,
1620 1308 1681 1366 id
1714 1308 1800 1366 illi
1834 1328 1950 1366 cas-

259 1407 384 1446 sum
418 1388 694 1465 quiddam
723 1395 782 1446 et
808 1388 968 1445 inani
995 1387 1153 1444 vocis
1180 1406 1323 1445 sono
1353 1387 1686 1445 decoratum
1714 1408 1837 1446 esse
1866 1389 1950 1447 di·

259 1475 407 1540 cant,
440 1469 494 1526 ei
531 1476 725 1526 tamen
769 1487 994 1544 semper
1024 1467 1259 1525 beatum
1302 1474 1537 1525 censent
1569 1487 1690 1526 esse
1730 1469 1947 1546 sapien-

258 1557 395 1620 tem,
442 1549 583 1626 quid
629 1547 865 1606 tandem
913 1567 948 1606 a
991 1547 1227 1605 Socrate
1276 1553 1335 1604 et
1375 1547 1621 1606 Platone
1670 1549 1949 1625 profectis

257 1628 620 1706 philosophis
647 1628 976 1686 faciendum
1010 1629 1217 1704 putas?
1298 1626 1560 1695 Quorum
1594 1628 1693 1686 alii
1724 1635 1947 1686 tantam

258 1710 666 1786 praestantiam
708 1708 770 1764 in
802 1707 971 1764 bonis
1011 1707 1193 1764 animi
1234 1727 1355 1765 esse
1396 1707 1615 1780 dicunt,
1648 1716 1713 1767 ut
1750 1709 1822 1767 ab
1855 1708 1949 1766 his

258 1789 512 1868 corporis
546 1797 604 1847 et
632 1796 868 1847 externa
895 1787 1303 1846 obscurentur:
1348 1787 1447 1846 alii
1480 1796 1672 1847 autem
1701 1789 1843 1848 haec
1874 1810 1948 1847 ne

257 1869 412 1928 bona
459 1869 695 1948 quidem
745 1868 981 1939 ducunt,
1029 1868 1090 1924 in
1146 1868 1341 1925 animo
1395 1876 1685 1945 reponunt
1734 1870 1944 1928 omnia.

261 1955 392 2008 120.
430 1948 690 2018 Quorum
719 1948 1167 2006 controversiam
1196 1948 1418 2006 solebat
1445 1957 1740 2027 tamquam
1770 1950 1950 2007 hono-

257 2031 438 2087 rarius
471 2029 683 2087 arbiter
708 2026 970 2087 'iudicare
1005 2027 1341 2087 Carneades,
1427 2028 1581 2087 Nam
1615 2049 1746 2087 cum
1782 2048 1949 2107 quae-

259 2128 503 2188 cumque
536 2109 690 2167 bona
721 2108 1124 2186 Peripateticis
1162 2108 1361 2165 eadem
1397 2107 1608 2166 Stoicis
1642 2109 1949 2167 commoda

258 2190 601 2261 viderentur,
626 2209 812 2267 neque
839 2198 1035 2247 tamen
1063 2187 1437 2264 Peripatetici
1465 2188 1595 2266 plus
1628 2189 1949 2247 tribuerent

259 2270 492 2342 divitiis,
524 2270 708 2328 bonae
743 2268 1075 2339 valetudini,
1107 2268 1311 2325 ceteris
1343 2266 1514 2325 rebus
1546 2269 1772 2346 generis
1804 2270 1949 2326 eius-

259 2351 596 2428 dem'quam
624 2349 822 2421 Stoici,
848 2368 980 2407 cum
1009 2368 1076 2407 ea
1102 2368 1181 2419 re,
1205 2367 1323 2405 non
1353 2348 1543 2409 verbis
1570 2349 1948 2425 ponderaren-

258 2439 368 2503 tur,
393 2450 618 2488 causam
655 2450 775 2488 esse
804 2429 1168 2506 discrepandi
1195 2428 1458 2505 negabat.
1544 2428 1673 2498 Qua
1704 2449 1764 2486 re
1792 2429 1946 2487 hunc

260 2510 448 2568 locum
484 2517 798 2568 ceterarum
831 2509 1261 2587 disciplinarum
1296 2506 1631 2586 philosophi
1667 2527 1836 2586 quern
1872 2509 1948 2567 ad

258 2591 499 2647 modum
542 2590 799 2648 obtinere
831 2591 1057 2667 possint
1099 2589 1210 2665 ipsi
1243 2588 1524 2647 viderint:
1568 2588 1713 2647 mihi
1750 2596 1947 2647 tamen

257 2678 486 2748 gratum
528 2677 630 2741 est,
670 2670 826 2747 quod
867 2670 939 2727 de
989 2669 1336 2747 sapientium
1378 2675 1657 2746 perpetua
1687 2668 1833 2727 bene
1866 2670 1948 2727 vi·

258 2751 429 2809 vendi
449 2749 723 2808 facultate
745 2750 986 2827 dignum
1010 2749 1287 2831 quiddam
1308 2748 1787 2830 philosophorum
1807 2768 1947 2807 voce

299 2830 614 2890 rofitentur.

258 2851 296 2908 p
343 2916 472 2967 121.
511 2910 627 2967 Sed
671 2910 944 2987 quoniam
987 2929 1158 2967 mane
1202 2915 1290 2967 est
1330 2908 1602 2980 eundum,
1636 2908 1741 2966 has
1784 2908 1947 2986 quin-

259 3010 369 3067 que
391 2990 612 3049 dierum
634 2990 1053 3067 disputationes
1073 2990 1353 3048 memoria
1372 2988 1940 3067 comprehendamus,

257 3069 542 3147 Equidem
598 3089 692 3127 me
747 3070 921 3127 etiam
977 3070 1461 3147 conscripturum.
1492 3069 1944 3127 arbitror—ubi

259 3150 412 3206 enim
445 3149 652 3206 melius
683 3150 770 3207 uti
802 3169 1109 3226 possumus
1142 3150 1255 3207 hoc
1288 3150 1639 3207 cuicuimodi
1667 3156 1755 3208 est
1784 3150 1945 3207 otio?

257 3229 413 3289 ——ad
434 3228 796 3308 Brutumque
825 3235 1087 3289 nostrum
1117 3228 1225 3285 hos
1245 3228 1425 3311 libros
1452 3230 1659 3289 alteros
1688 3230 1943 3307 quinque
