2235 3581
13 1250 28 1317 ἁ...-
11 708 30 1201 ῌ-““
18 678 29 695 u

806 163 941 210 Llss.
983 163 1106 223 111„
1140 163 1301 210 ΕΑΒ.
1336 161 1569 210 x.-x11.
1973 165 2065 212 89.

351 265 510 341 Ergo
554 264 694 321 haee
735 265 853 321 duo
895 283 1121 341 genera,
1153 263 1417 340 voluptas
1457 264 1709 340 gestiens
1744 270 1802 321 et
1837 263 2039 335 libido,

354 345 640 401 bonorum
677 345 951 421 opinione
984 343 1305 415 turbantur,
1338 350 1402 401 ut
1436 344 1552 400 duo
1587 344 1821 420 reliqua,
1854 350 2043 400 metus

349 433 413 482 et
433 424 754 500 aegritudO,
778 424 1078 481 malorum.
1158 423 1309 480 Nam
1332 431 1390 481 et
1410 431 1599 482 metus
1622 425 1823 500 opinio
1845 425 2044 500 magni

351 505 492 561 mali
521 504 910 580 impendentis
933 511 990 561 et
1017 503 1319 580 aegritudo
1343 511 1431 562 est
1458 504 1657 581 opinio
1686 504 1881 579 magni
1904 503 2043 560 mali

349 585 669 661 praesentis
703 591 762 641 et
796 584 1032 660 quidem
1074 603 1271 641 reeens
1304 584 1503 660 opinio
1538 583 1669 641 talis
1703 584 1855 654 mali,
1882 591 1949 640 ut
1981 585 2043 641 iu

350 685 424 722 eo
454 672 674 722 rec-tum
702 664 965 721 videatur
992 683 1112 721 esse
1142 664 1294 740 angi,
1320 664 1382 721 id
1410 671 1603 734 autem
1633 670 1735 735 est,
1761 671 1827 721 ut
1854 664 1921 735 is,
1944 664 2044 741 qui

349 745 564 815 doleat,
587 751 854 820 oportere
883 744 1154 821 opinetur
1180 763 1241 800 se
1263 743 1471 802 dolere.
1556 743 1669 801 His
1698 752 1891 802 autem
1920 764 2046 821 per-

349 824 798 893 turbationibus„
821 843 962 901 quas
989 825 1049 880 in
1078 824 1259 881 vitam
1283 824 1581 881 hominum
1612 824 1859 882 stultitia
1880 824 2044 901 quasi

352 905 632 982 quasdam
660 905 840 962 furias
875 904 1143 962 immittit
1174 911 1347 980 atque
1381 905 1600 976 incitat,
1626 903 1894 962 omuibus
1916 904 2045 961 viri-

355 985 464 1042 bus
493 991 668 1061 atque
703 984 910 1061 opibus
943 985 1383 1062 repugnandum
1417 991 1518 1056 est,
1544 985 1593 1041 si
1616 985 1879 1042 volumus
1912 984 2041 1057 hoe,

352 1064 515 1142 quod
536 1065 738 1122 datum
760 1072 846 1122 est
866 1065 1030 1136 vitae,
1051 1065 1356 1141 tranquille
1374 1064 1709 1142 placideque
1726 1065 2041 1122 traducere.

353 1145 474 1202 Sed
514 1153 702 1202 cetera
743 1144 912 1202 alias:
956 1164 1110 1201 nune
1153 1145 1590 1221 aegritudinem,
1628 1145 1676 1202 si
1718 1165 2041 1222 possumne,

351 1221 723 1302 depellamus,
794 1225 866 1282 Id
887 1225 1040 1282 enim
1063 1225 1139 1282 sit
1160 1225 1541 1302 propositum,
1560 1225 1788 1303 quando
1810 1225 2044 1303 quidem

352 1324 484 1362 eam
511 1312 578 1362 tu
605 1305 786 1362 videri
818 1305 929 1362 tibi
963 1305 1024 1362 in
1058 1306 1377 1382 sapientem
1411 1305 1612 1363 eadere
1646 1306 1859 1377 dixisti,
1888 1305 2046 1383 quod

350 1404 464 1462 ego
499 1385 658 1442 nullo
699 1385 878 1442 modo
913 1385 1214 1442 existimo:
1258 1391 1443 1442 taetra
1474 1385 1625 1442 enim
1670 1406 1760 1443 res
1802 1393 1904 1456 est,
1940 1385 2045 1441 mi-

351 1485 495 1537 sera,
527 1465 897 1536 detestabiliS,
931 1465 1089 1522 omni
1132 1465 1520 1536 contentione,
1551 1465 1707 1536 veliS,
1738 1472 1805 1524 ut
1847 1465 1930 1522 ita
1962 1465 2047 1523 di-

352 1564 500 1616 cam,
524 1545 809 1622 remisque
830 1545 1125 1622 fugienda.
1211 1545 1347 1602 XII.
1414 1550 1506 1603 26.
1540 1544 1737 1614 Qualis
1755 1545 1911 1604 enim
1936 1545 2041 1603 tibi

354 1625 452 1682 ille
473 1625 701 1682 videtur

424 1736 642 1784 Tantalo
663 1745 951 1800 prognatus,
973 1737 1160 1801 Pelope
1182 1744 1344 1796 natus»,
1362 1736 1447 1800 qui
1470 1737 1725 1801 quiondam
1748 1753 1779 1785 a
1801 1752 1947 1786 socru

423 1803 680 1853 Oenomao
704 1818 821 1865 rege
844 1804 1251 1867 Hippodameam
1274 1804 1429 1867 raptis
1453 1813 1687 1853 nanctust
1711 1804 1898 1867 nuptiis
1912 1806 1936 1853 ’ἓ

355 1903 515 1961 Iovis
551 1905 658 1961 iste
694 1904 927 1981 quidem
970 1924 1274 1981 pronepos,
1360 1903 1579 1961 Tamne
1620 1890 1757 1983 ergo
1791 1905 2046 1963 abiectus

352 1992 591 2061 tamque
619 1985 870 2042 fractus?

521 2096 706 2156 Nolite,
728 2096 901 2158 inquit,
922 2096 1142 2158 hospites
1165 2096 1231 2144 ad
1253 2111 1334 2145 me
1356 2096 1511 2145 adire.
1585 2096 1709 2146 Ilico
1732 2098 1861 2157 istic,

519 2162 599 2209 Ne
622 2162 854 2221 contagio
877 2177 990 2209 mea
1013 2162 1156 2209 bonis
1179 2162 1417 2210 umbrare
1439 2162 1586 2222 obsit,

522 2265 535 2276 .
561 2239 588 2276 ·.
631 2264 644 2276 .
687 2228 852 2275 Tanta
873 2228 944 2275 vis
966 2227 1165 2275 sceleris
1187 2227 1239 2275 in
1262 2242 1470 2289 corpore
1493 2228 1666 2277 haeret
1700 2266 1712 2278 .
1756 2266 1767 2277 .
1810 2264 1823 2276 .

353 2331 448 2389 Tu
487 2339 562 2403 te,
597 2332 869 2407 Thyesta,
907 2330 1207 2389 damnabis
1250 2331 1593 2409 orbabisque
1642 2332 1767 2389 luce
1808 2340 2045 2409 propter

355 2411 472 2467 vim
505 2411 729 2470 sceleris
758 2412 966 2469 alieni?
1037 2410 1231 2481 Quid?
1263 2412 1423 2470 illum
1456 2412 1641 2469 filium
1676 2411 1825 2469 Solis
1852 2432 2044 2469 nonne

295 2512 300 2517 ·
352 2492 536 2570 patris
565 2492 743 2569 ipsius
771 2492 896 2549 luce
926 2492 1232 2568 indignum
1262 2494 1468 2569 putas?

554 2604 802 2663 Refugere
825 2603 952 2651 oculi
971 2621 982 2651 :
1016 2618 1195 2665 eorpus
1218 2603 1378 2652 macie
1401 2604 1655 2653 extabuit:

552 2670 814 2717 Lacrimae
837 2670 1072 2731 peredere
1095 2670 1305 2717 humore
1328 2672 1595 2729 exsanguis
1617 2684 1785 2731 genas,

551 2733 580 2787 †
603 2735 714 2783 Situ
736 2734 911 2782 nitoris
935 2736 1090 2783 barba
1111 2736 1327 2797 paedore
1351 2735 1553 2783 horrida

551 2802 722 2863 Atque
745 2800 945 2849 intonsa
966 2802 1181 2849 infuscat
1202 2808 1374 2863 pectus
1398 2801 1565 2849 illuvie
1588 2802 1833 2849 scabrum.

355 2900 517 2961 Haec
551 2900 716 2970 mala,
749 2920 784 2958 ο
820 2902 1155 2960 stultissime
1185 2900 1383 2972 Aeeta,
1416 2902 1539 2980 ipse
1579 2902 1688 2960 tibi
1732 2902 2038 2959 addidisti:

351 3001 474 3038 non
507 2981 730 3039 inerant
764 2982 824 3038 in
859 2982 946 3052 iis,
974 2984 1116 3059 quae
1151 2981 1261 3039 tibi
1296 3002 1457 3046 casus
1490 2982 1796 3053 invexerat,
1828 2990 1889 3038 et
1922 2983 2043 3058 quj-

347 3061 488 3118 dem
520 3062 834 3119 inveterato
863 3061 1033 3132 male,
1056 3081 1193 3118 eum
1226 3069 1421 3118 tumor
1454 3062 1631 3118 animi
1661 3061 2041 3117 resedisset—

348 3148 444 3198 est
500 3149 694 3199 autem
752 3141 1069 3219 aegritudo,
1105 3149 1172 3198 ut
1214 3141 1450 3211 doceb0,
1486 3141 1547 3197 in
1590 3140 1862 3218 opinione
1904 3141 2041 3197 mali

350 3221 782 3282 recentis—sed
823 3240 1041 3281 maeres
1075 3220 1340 3280 videlieet
1380 3220 1543 3297 regni
1586 3219 1885 3291 desideriO,
1922 3238 2039 3276 non
