2235 3581
1794 19 1816 43 Χ

786 185 926 234 LIB.
968 183 1035 246 1.‚
1070 185 1227 254 aar.
1263 185 1554 235 v1.-v111.
1816 46 2003 269 RQ

406 288 483 346 M.
530 288 665 345 Non
710 288 856 346 dicis
902 287 1114 366 igitur:
1157 288 1344 345 Μίαν
1391 297 1475 346 est
1511 289 1600 347 M.
1633 287 1890 362 erasm,
1915 272 2075 355 seir».

322 374 550 426 tantum
575 387 588 426 :
631 368 817 425 Miser
844 368 933 426 M.
956 367 1213 426 Crassus,
2084 368 2097 381 “

404 448 477 506 Α.
514 448 607 505 Ita
632 447 817 525 plane.
1076 517 1081 522 ,

410 533 501 587 14.
547 528 625 586 Μ.
663 528 840 597 Quasi
869 547 988 588 non
1017 548 1246 586 necesse
1270 529 1362 601 sit,
1384 523 1668 607 quidquid
1696 529 1808 587 isto
1836 529 2012 588 modo

323 608 685 686 pronuncieS,
710 609 774 664 id
795 615 895 665 aut
916 627 1037 666 esse
1059 615 1160 666 aut
1187 627 1304 666 non
1327 628 1464 666 esse.
1542 608 1641 666 An
1669 616 1736 667 tu
1764 609 2015 668 dialecti-

324 689 409 745 cis
436 708 508 746 ne
536 688 795 746 imbutus
818 688 1053 765 quidem
1078 689 1178 746 es?
1261 689 1330 745 In
1359 689 1562 766 primis
1591 689 1744 746 enim
1773 689 1884 748 hoc
1905 697 2015 748 tra-

322 769 515 826 ditur:
560 787 731 826 omne
759 769 1374 845 pronunciatum—sic
1403 769 1555 826 enim
1592 770 1739 828 mihi
1768 771 1828 827 in
1857 789 2015 847 prae-

322 849 511 906 sentia
544 849 792 906 occurrit
824 855 892 906 ut
924 847 1270 926 appellarem
1305 850 1536 926 ἀξίωμα,
1561 855 1690 907 utar
1718 857 1852 928 post
1879 850 2010 922 alic,

322 929 374 986 si
401 929 671 1000 invenero
700 929 1051 986 melius—id
1080 948 1218 1006 ergo
1248 936 1335 988 est
1367 931 1829 1006 pronunciatum,
1857 930 2013 1008 quod

322 1015 412 1066 est
439 1028 637 1066 verum
667 1015 766 1066 aut
794 1007 1022 1066 falsum.
1100 1009 1252 1066 Cum
1286 1009 1466 1087 igitur
1493 1010 1666 1068 dicis:
1710 1010 1895 1067 Miser
1922 1011 2009 1068 M.

332 1087 591 1159 Crassus,
616 1095 717 1147 aut
744 1089 854 1146 hoc
878 1089 1055 1148 dicis:
1089 1089 1277 1146 Miser
1297 1099 1377 1146 est
1397 1091 1486 1148 M.
1515 1089 1770 1161 Crassu8‚
1792 1097 1858 1148 ut
1885 1109 2014 1167 pos-

323 1169 401 1227 sit
444 1169 686 1227 iudicari
724 1188 921 1227 verum
968 1170 1030 1227 id
1074 1169 1385 1230 falsumne·
1407 1171 1497 1242 sit,
1529 1177 1630 1229 aut
1673 1170 1819 1228 nihil
1869 1171 2014 1228 dicis

324 1269 581 1307 omn1n0.
992 1311 995 1314 ,

405 1329 477 1387 A.
515 1329 645 1406 Age
672 1329 789 1387 iam
818 1330 1072 1388 concedo
1101 1349 1219 1386 non
1250 1350 1372 1388 esse
1393 1331 1646 1402 miserOS‚
1670 1331 1769 1408 qui
1797 1331 2013 1389 mortui

322 1409 457 1480 sint,
484 1411 756 1486 quoniam
792 1411 1082 1467 extorsisti
1127 1417 1192 1467 ut
1231 1411 1458 1482 faterer,
1486 1411 1585 1488 qui
1619 1411 1858 1468 omnino
1893 1430 2012 1468 non

322 1496 532 1560 essent,
558 1509 655 1546 eos
703 1509 776 1548 ne
819 1491 1061 1548 miseros
1110 1490 1347 1566 quidem
1393 1511 1514 1548 esse
1559 1510 1742 1568 posse.
1823 1490 2014 1559 Quid?

323 1569 428 1646 qui
488 1570 748 1642 vivimUS,
802 1590 934 1628 cum
993 1570 1360 1627 moriendum
1424 1571 1514 1642 sit,
1567 1590 1759 1628 nonne
1818 1570 2012 1629 miseri

322 1651 560 1707 sumus?
630 1649 792 1719 Quae
827 1650 981 1708 enim
1016 1656 1213 1726 potest
1250 1650 1310 1706 in
1343 1650 1464 1708 vita
1505 1669 1625 1708 esse
1667 1651 2010 1722 iucunditas,

322 1748 457 1786 cum
488 1730 610 1788 dies
644 1739 703 1788 et
730 1737 930 1788 noctes
963 1729 1338 1807 cogitandum
1375 1731 1450 1788 sit
1483 1730 1599 1788 iam
1633 1731 1862 1809 iamque
1891 1751 2012 1789 esse

324 1811 705 1868 moriendum.

397 1892 564 1950 VIII.
655 1897 746 1948 15.
792 1890 869 1949 M.
911 1890 1139 1968 Ecquid
1195 1908 1332 1967 ergo
1386 1888 1674 1967 intellegis
1731 1896 2011 1967 quantum

317 1972 455 2029 mali
488 1972 561 2029 de
594 1971 848 2029 humana
881 1971 1223 2029 condicione
1257 1970 1568 2029 deieceris?

399 2047 473 2107 A.
511 2048 777 2117 Quonam
804 2046 1021 2103 modo‘.²

401 2130 479 2187 M.
516 2128 681 2200 Quia,
704 2128 752 2184 si
779 2127 927 2184 mori
956 2126 1130 2185 etiam
1159 2124 1404 2182 mortuis
1431 2124 1705 2179 miserum
1735 2126 1898 2192 esset,
1924 2121 2007 2177 in-

318 2208 550 2266 finitum
581 2207 873 2285 quoddam
896 2212 954 2263 et
982 2204 1396 2281 sempiternum
1423 2203 1641 2261 malum
1667 2200 2008 2259 haberemus

320 2289 384 2345 in
420 2289 573 2345 vita:
620 2307 773 2345 nunc
813 2287 981 2343 video
1024 2284 1254 2354 calcem,
1291 2283 1366 2339 ad
1408 2302 1580 2359 quam
1623 2302 1755 2339 cum
1799 2282 1874 2338 sit
1915 2281 2010 2338 de-

320 2388 568 2439 cursum,
594 2367 739 2427 nihil
772 2368 849 2423 sit
882 2372 1175 2443 praeterea
1207 2362 1712 2421 extimescendum.
1799 2360 1916 2418 Sed
1942 2367 2007 2417 tu

322 2449 470 2505 mihi
493 2448 700 2507 videris
729 2445 1079 2524 Epicharmi,
1102 2444 1258 2501 acuti
1293 2462 1397 2500 nec
1432 2442 1633 2501 insulsi
1661 2440 1915 2499 hominis
1943 2448 2008 2497 ut

320 2529 518 2600 Siculi,
540 2528 885 2587 sententiam
914 2526 1091 2603 sequi.

404 2610 477 2667 A.
515 2608 739 2677 Quam?
820 2607 879 2664 N
882 2627 955 2663 on
986 2606 1139 2664 enim
1168 2604 1320 2661 novi.

370 2690 481 2747 χΜ.
519 2688 745 2759 Dicam,
792 2688 843 2745 si
908 2694 1130 2764 potero,
1183 2684 1401 2741 Latine.
1500 2682 1624 2739 Scis
1694 2681 1846 2738 enim
1915 2699 2010 2737 mc

321 2769 538 2828 Graece
587 2769 748 2847 loqui
797 2768 859 2824 in
915 2767 1123 2823 Latino
1179 2782 1440 2821 sermone
1492 2781 1607 2819 non
1659 2761 1790 2839 plus
1831 2760 2010 2818 solere

323 2869 500 2927 quam
533 2850 592 2907 in
624 2849 843 2907 Graeco
878 2846 1095 2905 Latine.

405 2930 477 2988 A.
516 2931 594 2988 Et
625 2936 781 2988 recte
811 2928 1063 3006 quidem.
1153 2922 1268 2981 Sed
1305 2943 1448 3002 quae
1481 2922 1716 2981 tandem
1758 2928 1846 2979 est
1877 2920 2013 2997 Epi-

321 3010 545 3067 charmi
573 3011 685 3068 ista
712 3008 1031 3067 sententia?

408 3090 485 3147 M.
522 3091 731 3147 Emori
750 3090 897 3161 nolo,
918 3088 1013 3145 sed
1027 3106 1112 3143 me
1126 3102 1236 3142 esse
1254 3092 1546 3140 mortuum
1567 3082 1743 3139 nihili
1761 3080 2008 3137 aestimo,

406 3172 479 3229 A.
518 3170 644 3228 Iam
673 3189 924 3248 agnosco
946 3168 1246 3226 Graecum.
1334 3164 1448 3222 Sed
1473 3164 1745 3241 quoniam
1769 3160 2012 3239 coegisti

302 3258 393 3319 ¹ut
431 3251 819 3321 concederem,
858 3249 957 3328 qui
991 3246 1207 3305 mortui
1241 3253 1444 3315 essent,
1477 3264 1575 3301 cos
1619 3244 1854 3301 miseros
1897 3260 2010 3299 non
