2235 3581
225 183 318 230 128
445 177 1034 231 TUSCULANARUM
1083 179 1245 228 DISP
1254 179 1683 229 UTATIONUM

219 283 420 360 Atque
445 282 601 339 idem
632 283 714 339 ita
746 301 930 339 acrem
966 283 1027 338 in
1063 301 1263 338 omnes
1290 287 1483 358 partes
1514 281 1695 338 aciem
1724 281 1912 339 inten-

221 364 328 435 dit,
351 371 419 420 ut
451 382 677 440 semper
702 363 894 419 videat
928 362 1122 419 sedem
1159 361 1269 418 sibi
1306 361 1595 429 ac,locum
1630 361 1753 418 sine
1784 381 1913 418 mo-

220 444 388 501 lestia
419 451 590 520 atque
623 462 836 520 angore
865 442 1112 513 vivendi,
1144 449 1227 512 ut,
1260 461 1679 519 quemcumque
1712 461 1908 498 casum

220 525 457 581 fortuna
495 523 794 593 invexerit,
825 523 979 579 hunc
1012 529 1147 599 apte
1188 528 1247 579 et
1289 523 1481 598 quiete
1522 523 1705 578 ferat:
1750 523 1907 598 quod

223 605 321 681 qui
350 604 525 661 faciet
555 623 672 660 non
707 603 1065 679 aegritudine
1101 602 1287 658 solum
1322 601 1565 672 vacabit,
1598 602 1698 658 sed
1732 602 1906 658 etiam

221 683 750 761 perturbationibus
791 682 1024 759 reliquis
1065 682 1348 739 omnibus
1434 682 1548 738 His
1590 689 1780 738 autem
1815 702 1901 739 va-

221 784 362 820 cuus
403 764 630 821 animus
662 763 916 840 perfecte
957 770 1131 839 atque
1172 762 1431 820 absolute
1472 762 1674 819 beatos
1714 761 1907 834 efficit,

221 844 489 921 idemque
518 845 836 902 concitatus
865 850 923 900 et
950 843 1267 900 abstractus
1295 842 1367 900 ab
1390 843 1613 919 integra
1640 849 1909 919 certaque

221 925 441 981 ratione
469 943 584 980 non
616 923 997 981 constantiam
1031 922 1219 980 solum
1247 923 1481 994 amittit,
1506 941 1701 979 verum
1732 923 1905 979 etiam

221 1005 540 1061 sanitatem.

301 1083 587 1151 Quocirca
607 1083 798 1141 mollis
827 1089 886 1140 et
913 1090 1181 1140 enervata
1209 1083 1467 1160 putanda
1500 1089 1587 1140 est
1614 1082 1909 1159 Peripate-

217 1164 464 1221 ticorum
495 1164 641 1221 ratio
671 1171 730 1221 et
764 1163 964 1234 orati0,
990 1164 1091 1240 qui
1116 1163 1439 1240 perturbari
1466 1164 1693 1220 animos
1717 1181 1908 1220 neces-

221 1264 280 1301 se
309 1245 510 1301 dicunt
537 1264 675 1315 esse,
700 1244 801 1302 sed
821 1243 1100 1300 adhibent
1121 1243 1361 1300 modum
1385 1243 1709 1321 quemdam,
1732 1261 1905 1319 quem

219 1325 370 1382 ultra
390 1325 659 1402 progredi
689 1343 806 1382 non
830 1330 1109 1401 oporteat.
1184 1329 1276 1381 39.
1315 1323 1557 1380 Modum
1579 1331 1645 1380 tu
1665 1322 1909 1380 adhibes

214 1405 400 1462 vitio?
441 1425 514 1462 an
543 1405 748 1462 vitium
782 1404 1004 1461 nullum
1040 1411 1128 1461 est
1160 1423 1278 1462 non
1313 1423 1507 1480 parere
1540 1403 1788 1462 rationi?
1828 1423 1904 1460 an

218 1486 364 1542 ratio
385 1505 589 1562 parum
611 1484 892 1561 praecipit
918 1503 1024 1541 nec
1052 1484 1271 1541 bonum
1300 1483 1446 1540 illud
1466 1503 1605 1554 esse,
1625 1483 1783 1561 quod
1804 1491 1906 1540 aut

217 1565 416 1642 cupias
443 1566 710 1623 ardenter
734 1571 834 1621 aut
861 1564 1108 1640 adeptus
1134 1564 1338 1621 efferas
1362 1571 1422 1621 te
1450 1563 1776 1634 insolenter,
1796 1583 1907 1620 nee

218 1664 390 1722 porro
417 1645 652 1714 malum,
679 1664 794 1722 quo
817 1652 916 1701 aut
940 1663 1245 1722 oppressus
1273 1645 1456 1701 iaceas
1478 1650 1593 1715 aut,
1618 1663 1691 1700 ne
1712 1643 1907 1720 oppri-

215 1745 390 1797 mare,
413 1732 608 1782 mente
628 1726 724 1781 vix
753 1723 1013 1782 constes?
1055 1743 1235 1801 eaque
1264 1725 1459 1781 omnia
1486 1731 1587 1781 aut
1612 1724 1786 1780 nimis
1807 1723 1907 1780 tri-

217 1806 328 1863 stia
354 1813 455 1863 aut
487 1806 662 1862 nimis
693 1806 841 1863 laeta
874 1824 1059 1863 errore
1087 1804 1246 1863 fieri?
1310 1804 1424 1873 Qui
1453 1806 1501 1861 si
1530 1824 1686 1862 error
1712 1805 1907 1861 stultis

217 1892 558 1943 extenuetur
598 1885 707 1955 die,
739 1892 822 1956 ut,
853 1905 984 1943 eum
1019 1905 1108 1942 res
1150 1885 1383 1943 eaedem
1422 1891 1708 1955 maneant,
1740 1883 1909 1941 aliter

215 1967 406 2024 ferant
427 1966 760 2037 inveterata,
785 1965 949 2023 aliter
971 1965 1237 2037 recentia,
1254 1966 1541 2041 sapientes
1562 1984 1635 2022 ne
1656 1965 1909 2041 attingat

217 2047 451 2124 quidem
481 2046 735 2104 omninO.
822 2051 916 2103 40.
962 2045 1195 2102 Etenim
1228 2046 1355 2121 quis
1384 2046 1493 2103 erit
1520 2046 1755 2102 tandem
1784 2064 1909 2101 mo-

217 2128 324 2184 dus
358 2128 501 2185 iste?
567 2126 919 2195 Quaeramus
953 2125 1108 2183 enim
1142 2125 1382 2182 modum
1420 2124 1811 2202 aegritudiniS,
1843 2124 1906 2181 in

218 2226 330 2285 qua
358 2224 562 2285 operae
591 2207 904 2284 plurimum
934 2206 1185 2283 ponitur.
1254 2205 1446 2283 Aegre
1474 2205 1672 2262 tulisse
1700 2204 1765 2262 P.
1791 2204 1908 2262 Ru-

216 2288 422 2364 pilium
463 2288 658 2345 fratris
709 2287 996 2365 repulsam
1046 2285 1376 2343 consulatus
1424 2286 1699 2363 scriptum
1750 2286 1908 2362 apud

224 2369 506 2425 Fannium
535 2375 637 2425 est.
723 2367 838 2425 Sed
863 2374 1059 2425 tamen
1091 2366 1362 2424 transisse
1388 2366 1617 2423 videtur
1644 2366 1905 2436 modum,

219 2450 432 2525 quippe
463 2449 562 2525 qui
595 2447 673 2505 ob
707 2466 833 2505 eam
867 2466 1096 2505 causam
1126 2467 1162 2504 a
1188 2447 1307 2504 vita
1338 2447 1667 2505 recesserit:
1710 2447 1907 2503 mode-

218 2531 396 2586 ratius
427 2529 607 2604 igitur
640 2529 787 2585 ferre
821 2527 1037 2585 debuit.
1111 2527 1307 2596 Quid?
1346 2527 1415 2599 si,
1451 2546 1581 2585 cum
1626 2527 1689 2583 id
1730 2528 1910 2584 ferret

219 2608 460 2679 modice,
484 2628 640 2665 mors
673 2608 982 2665 liberorum
1017 2608 1379 2665 accessisset?
1461 2608 1615 2665 Nata
1643 2614 1791 2664 esset
1819 2626 1908 2662 ae-

217 2688 450 2763 gritudo
492 2707 658 2759 nova,
695 2688 794 2745 sed
837 2708 906 2745 ea
943 2688 1205 2747 modica:
1255 2708 1466 2766 magna
1511 2695 1703 2745 tamen
1751 2688 1911 2743 facta

219 2775 367 2824 esset
393 2769 656 2825 accessio,
736 2767 929 2836 Quid?
969 2770 1018 2826 si
1051 2768 1263 2826 deinde
1295 2769 1523 2825 dolores
1556 2786 1757 2843 graves
1786 2786 1908 2823 cor-

218 2847 393 2922 poris»,
418 2848 466 2903 si
489 2846 772 2905 bonorum
795 2848 1048 2919 amissiO,
1071 2849 1120 2904 si
1149 2848 1410 2919 caecitaS,
1434 2849 1481 2905 si
1512 2848 1773 2905 exsilium
1796 2848 1815 2904 2
1857 2847 1906 2903 si

218 2945 324 3001 pro
347 2926 587 3003 singulis
613 2927 780 2983 malis
801 2928 1189 3003 aegritudines
1217 2928 1568 2997 accederent,
1594 2946 1819 2984 summa
1840 2946 1909 2983 ea

217 3004 393 3075 fieret,
420 3024 563 3082 quae
591 3024 707 3062 non
738 3008 1125 3064 sustineretur.

298 3084 528 3142 XVIII.
600 3090 694 3142 41.
732 3084 846 3152 Qui
867 3086 1106 3142 modum
1137 3086 1318 3162 igitur
1336 3086 1482 3143 vitio
1508 3086 1730 3164 quaerit
1752 3086 1909 3142 simi-

218 3162 349 3220 liter
379 3163 539 3236 facit,
570 3172 637 3222 ut
670 3165 717 3221 si
750 3184 918 3241 posse
951 3172 1119 3241 putet
1159 3185 1309 3234 eum,
1348 3167 1446 3241 qui
1490 3186 1548 3222 se
1592 3186 1622 3223 e
1658 3166 1907 3223 Leucata

219 3243 694 3320 praecipitaverit,
725 3245 1001 3301 sustinere
1035 3264 1111 3315 se,
1143 3264 1273 3301 cum
1306 3245 1456 3317 vel-it.
1536 3245 1625 3303 Ut
1658 3247 1809 3302 enim
1846 3247 1903 3302 iel
