2235 3581
301 173 394 218 152
517 168 1112 220 TUSCULANARUM
1160 129 1763 217 Disru‘m'rioxmi
1788 133 1791 138 ¹

375 271 453 328 M.
493 271 576 328 At
605 270 832 328 hercule
859 270 1048 327 Bruto
1081 289 1214 326 meo
1243 268 1485 339 videtur,
1511 269 1671 326 cuius
1700 289 1812 345 ego
1842 269 1998 328 iudi-

295 352 466 421 cium,
490 371 632 428 pace
659 359 762 408 tua
789 351 1049 419 dixerim,
1076 350 1246 426 longe
1275 357 1565 427 antepono
1592 357 1710 406 tuo.

377 433 448 490 A.
481 432 614 488 Non
647 431 869 501 dubito,
895 449 999 488 nec
1029 431 1088 487 id
1121 450 1133 485 1
1164 449 1273 487 11113
1303 429 1507 506 agitur,
1528 436 1592 487 tu
1622 427 1783 486 illum
1812 449 1997 507 quan-

295 521 419 570 tum
457 531 629 580 ames,
656 512 756 568 sed
789 511 916 582 hoc,
944 511 1098 587 quod
1132 510 1280 566 mihi
1316 510 1437 567 dixi
1466 509 1661 580 videri,
1688 509 1858 588 quale
1893 511 1993 582 sit,

295 593 368 650 de
397 611 512 669 quo
541 611 576 648 a
602 598 660 648 te
689 592 972 668 disputari
1005 591 1149 648 volO.

376 673 452 729 M.
491 671 718 748 Nempe
759 691 936 748 negas
979 671 1052 728 ad
1093 671 1259 728 beate
1293 670 1601 728 vivendum
1643 669 1781 726 satis
1814 690 1994 748 posse

295 755 566 809 virtutem
585 753 604 809 ἓ

375 833 447 889 A.
487 832 728 889 Prorsus
756 850 923 908 neg0.

377 912 452 969 M.
491 912 684 980 Quid?
717 912 790 968 ad
813 920 982 983 recte,
1005 911 1265 982 honeste,
1290 909 1666 982 laudabiliter,
1686 917 1992 986 postremo

294 992 367 1048 ad
395 992 542 1049 bene
573 993 880 1049 vivendum
911 992 1121 1049 satisne
1152 998 1240 1049 est
1266 990 1535 1069 praesidii
1565 992 1624 1048 in
1653 991 1907 1049 virtute?

375 1073 447 1128 A.
485 1072 656 1129 Certe
685 1073 838 1130 satis,

377 1151 452 1209 M.
491 1151 668 1209 Potes
702 1153 882 1230 igitur
914 1159 1030 1223 aut,
1053 1152 1152 1229 qui
1186 1152 1335 1209 male
1361 1151 1533 1223 vivat,
1560 1171 1675 1209 non
1710 1171 1843 1209 eum
1880 1151 1994 1208 mi-

295 1251 483 1290 serum
531 1232 718 1290 dicere
764 1240 880 1302 aut,
913 1251 1084 1309 quein
1132 1232 1277 1290 bene
1321 1233 1553 1303 fateare,
1591 1252 1722 1290 eum
1772 1253 1991 1310 negare

295 1313 461 1371 beate
491 1314 715 1370 vivere?

376 1395 449 1450 A.
487 1392 703 1462 Quidni
727 1393 944 1470 possim
963 1394 984 1450 2
1040 1392 1190 1450 Nam
1212 1393 1385 1450 etiam
1404 1393 1465 1448 in
1484 1393 1789 1450 tormentis
1809 1400 1986 1465 recte,

296 1475 554 1545 honeste,
578 1473 945 1531 laudabiliter
973 1481 1030 1531 et
1059 1473 1135 1530 ob
1164 1493 1291 1530 eam
1320 1492 1441 1530 rem
1464 1473 1609 1531 bene
1631 1473 1745 1530 vivi
1768 1480 1988 1550 potest,

297 1556 436 1612 dum
466 1555 644 1612 modo
679 1555 978 1631 intellegas
1007 1554 1150 1631 quid
1183 1573 1335 1610 nunc
1370 1552 1557 1610 dicam
1586 1553 1745 1611 bene.
1832 1553 1989 1612 Dico

297 1637 452 1694 enim
509 1642 852 1727 constanter,
897 1636 1161 1711 graviter,
1208 1634 1799 1726 sapient--ei,f01·titer.
1893 1640 1985 1692 13.

296 1717 458 1773 Haec
500 1717 672 1772 etiam
717 1716 776 1771 in
821 1715 1078 1773 eculeum
1125 1715 1524 1786 coniiciuntur,
1558 1734 1670 1793 quo
1704 1715 1824 1772 vita
1864 1735 1984 1772 non

295 1798 510 1873 aspirat
539 1795 718 1853 beata.

377 1876 453 1933 M.
493 1875 647 1945 Quid
689 1876 904 1953 igitur?
947 1877 1139 1933 solane
1180 1875 1350 1932 beata
1388 1876 1523 1946 vita,
1557 1895 1782 1953 quaem,
1820 1876 1990 1933 relin—

296 1958 493 2034 quitur
521 1964 681 2013 extra
715 1958 928 2014 ostium
963 1956 1255 2033 limenque
1285 1957 1537 2027 carceris,
1562 1976 1692 2014 cum
1724 1964 1990 2013 constan-

295 2040 393 2103 tia,
419 2037 688 2115 gravit-aa,
713 2036 1018 2108 fortitude,
1045 2036 1328 2114 sapientia
1354 2035 1717 2114 reliquaeque
1744 2036 1991 2094 virtutes

295 2120 592 2195 rapiantur
624 2117 700 2174 ad
732 2124 1008 2175 tortorem
1045 2117 1383 2194 nullumque
1416 2124 1681 2174 recusent
1717 2122 1823 2174 1133
1857 2136 1991 2195 sup-

296 2199 531 2276 plicium
562 2218 667 2256 nec
698 2198 995 2255 dolorem?

376 2279 449 2337 A.
486 2280 592 2350 Tu,
619 2280 667 2336 si
697 2279 838 2357 quid
872 2298 932 2335 es
966 2278 1239 2348 facturuS,
1270 2296 1421 2334 nova
1453 2277 1645 2355 aliqua
1678 2278 1987 2371 conquiras

298 2368 543 2437 oportet.
631 2360 752 2417 Ista
784 2379 876 2416 me
922 2358 1159 2415 minime
1193 2364 1444 2429 movent,
1476 2377 1593 2414 non
1630 2358 1816 2415 solum
1854 2360 1991 2435 quia

296 2441 632 2517 pervulgata
660 2448 810 2510 sunt,
837 2439 937 2497 sed
970 2438 1158 2497 multo
1192 2438 1392 2515 magia,
1421 2438 1555 2514 quia
1587 2445 1884 2516 tamquam
1916 2438 1992 2495 13-

299 2521 391 2577 via
419 2521 699 2612 quaedam
728 2521 862 2577 vina
888 2519 1033 2576 nihil
1057 2518 1291 2576 valent
1279 2538 1337 2574 111
1360 2538 1525 2595 aqua,
1548 2519 1629 2575 sic
1659 2518 1989 2576 Stoicorum

298 2600 408 2656 ista
429 2601 615 2675 magis
637 2606 867 2692 gustat-a
891 2620 1060 2677 quam
1086 2607 1289 2676 potata
1309 2598 1613 2657 delectant.
1677 2598 1858 2657 Velut
1881 2600 1991 2657 istc

298 2680 506 2735 chorus
524 2662 814 2737 iirtutum
843 2681 903 2736 in
928 2680 1184 2737 eculeum
1209 2679 1520 2757 impositus
1547 2680 1831 2756 imagines
1858 2700 1992 2737 con—

299 2760 491 2816 stituit
526 2767 658 2816 ante
694 2760 891 2817 oculos
925 2779 1056 2816 cum
1092 2761 1447 2839 amplissima
1480 2760 1783 2853 dignitate,
1814 2766 1882 2817 ut
1917 2760 1989 2817 ad

299 2860 392 2898 eas
421 2841 629 2897 cursim
660 2847 985 2917 perrectura
1012 2860 1117 2897 nec
1147 2860 1241 2897 eas
1267 2841 1436 2898 beata
1458 2842 1575 2899 vita
1596 2861 1631 2899 a
1658 2861 1717 2898 se
1740 2840 1991 2897 desertas

298 2940 532 3012 passura
564 2922 857 2977 videatur:
916 2925 1004 2977 14.
1052 2940 1185 2976 cum
1229 2927 1420 2977 autem
1465 2923 1722 2978 animum
1766 2921 1839 2977 ab
1881 2921 1992 2978 ista

298 3001 524 3076 pictura
565 2999 1028 3075 imaginibusque
1071 3000 1351 3055 virtutum
1397 3001 1469 3055 ad
1512 3020 1630 3058 rem
1666 3002 1992 3058 veritat-em-

299 3098 410 3153 que
438 3078 779 3147 truduxeris,
804 3077 916 3133 hoc
945 3076 1166 3133 nudum
1196 3078 1551 3154 relinquitur,
1577 3082 1835 3156 possitne
1861 3082 1991 3159 quis

297 3155 500 3211 beatus
529 3175 648 3211 esse
673 3174 844 3231 quam
869 3156 967 3211 diu
997 3163 1348 3232 torqueatur.
1420 3156 1607 3223 Quam
1630 3159 1705 3217 ob
1734 3181 1855 3219 rem
1880 3162 1991 3219 hoc

298 3250 450 3288 nunc
481 3252 832 3308 quaeramUS,
859 3234 1098 3289 virtutes
1132 3241 1324 3290 autem
1355 3235 1476 3291 noli
1504 3239 1683 3294 vereri
1710 3260 1783 3296 ne
1818 3260 1991 3315 expo-
