2235 3581
739 161 876 210 LIB.
915 161 1014 221 ΙΙ.,
1045 160 1203 210 CAP.
1237 161 1576 210 §cx-XXII.
1939 167 1993 211 71

313 264 434 320 lum
481 263 634 321 enim
680 283 958 340 perquam
998 263 1266 321 flebiliter
1297 263 1500 322 Ulixes
1547 264 1893 322 lamentatur
1939 266 2001 323 in

313 344 640 414 vulnere—‚
674 351 866 402 tamen
908 344 1043 401 huie
1085 344 1286 402 leviter
1324 345 1580 421 gementi
1622 344 1706 402 illi
1740 345 1867 424 ipsi,
1900 347 2001 424 qui

312 425 507 481 ferunt
549 425 822 496 saucium,
853 444 1130 501 personae
1172 425 1512 502 gravitatem
1557 425 1847 484 intuentes
1881 446 1999 484 non

312 504 580 562 dubitant
609 505 827 561 dicere:

571 627 648 675 Tu
674 640 888 689 quoque,
911 625 1106 685 Ulixes,
1132 641 1432 690 quamquam
1454 628 1674 688 graviter

572 692 836 740 Cernimus
860 693 1034 747 ictum,
1059 692 1211 739 nimis
1234 708 1392 755 paene
1415 694 1583 742 animo
1606 709 1659 742 es

569 757 732 816 Molli,
759 758 842 820 qui
865 769 1129 806 consuetus
1152 758 1205 805 iu
1228 759 1380 807 annis

567 825 769 872 Aevom
793 839 940 884 agere
975 860 988 872 .
1031 861 1042 872 .
1085 861 1097 872 .

311 936 602 1014 intellegit
635 943 814 1015 poeta
844 939 1097 1016 prudens
1131 937 1355 997 ferendi
1389 938 1605 996 doloris
1637 941 2002 998 consuetudi-

310 1036 442 1073 nem
465 1036 585 1075 esse
607 1037 724 1074 non
749 1018 1228 1076 contemnendam
1251 1019 1602 1095 magistram.
1678 1025 1770 1078 50.
1803 1020 2001 1098 Atque

309 1100 404 1158 ille
432 1120 551 1158 non
579 1100 960 1157 immoderate
987 1119 1201 1178 magno
1230 1100 1291 1156 in
1321 1100 1549 1158 dolore:

570 1230 820 1289 Retinete‚
847 1237 1041 1278 tenete:
1082 1229 1318 1292 opprimit
1343 1229 1508 1278 ulcus:

569 1295 788 1356 Nudate,
812 1295 928 1353 heu,
955 1296 1193 1343 miserum
1219 1310 1327 1343 me:
1367 1294 1644 1346 excrucior.

308 1409 526 1491 Incipit
552 1413 684 1486 labi,
710 1413 919 1471 deinde
946 1413 1082 1470 ilico
1111 1413 1356 1470 desinit:

637 1543 857 1605 Operite,
883 1541 1154 1603 abscedite,
1177 1542 1377 1589 iamiam
1416 1579 1427 1589 .
1472 1578 1484 1589 .
1528 1578 1539 1590 .

635 1609 856 1657 Mittite:
899 1623 1014 1656 nam
1040 1615 1312 1656 attrectatu
1336 1615 1386 1654 et
1408 1621 1595 1668 quassu

636 1674 851 1723 Saevum
874 1673 1192 1736 amplificatis
1214 1672 1451 1721 dolorem.

310 1793 564 1852 Videsne
593 1800 659 1850 ut
687 1792 1044 1850 obmutuerit
1070 1811 1189 1849 non
1214 1792 1442 1849 sedatus
1464 1792 1735 1868 corporiS‚
1762 1790 1861 1849 sed
1884 1812 1999 1849 cas—

307 1876 524 1951 tigatus
545 1874 724 1931 animi
747 1873 948 1930 dolor?
1009 1873 1213 1950 Itaque
1234 1873 1295 1928 in
1318 1872 1587 1930 extremis
1609 1871 1835 1949 Niptris
1856 1872 1999 1930 alios

310 1974 536 2032 quoque
567 1954 834 2031 obiurgat
863 1953 1037 2031 idque
1066 1953 1353 2009 moriens:

439 2082 688 2144 Conqueri
713 2082 965 2130 fortunam
989 2081 1267 2140 advorsum,
1292 2096 1390 2129 non
1416 2080 1678 2129 lamentari
1702 2080 1858 2130 decet.

438 2148 502 2197 Id
523 2148 616 2197 viri
639 2156 714 2196 est
737 2147 970 2209 officium,
992 2146 1138 2195 fletus
1162 2147 1388 2195 muliebri
1412 2146 1611 2207 ingenio
1634 2146 1851 2195 additus.

307 2267 499 2324 Huius
533 2267 710 2323 animi
749 2286 880 2344 pars
922 2265 1020 2323 illa
1060 2265 1290 2323 11101Ιί01·
1331 2265 1542 2322 rationi
1576 2264 1656 2321 sic
1690 2263 1899 2341 paruit,
1931 2272 1998 2322 ut

309 2367 502 2405 severo
532 2347 864 2425 imperatori
892 2346 1057 2403 miles
1085 2346 1325 2423 pudens,

390 2428 588 2485 XXII.
677 2433 770 2485 51.
818 2427 886 2483 In
917 2446 1032 2504 quo
1055 2445 1191 2485 vero
1214 2426 1323 2484 erit
1350 2425 1607 2503 perfecta
1636 2424 1997 2502 sapientia—

310 2528 478 2584 quem
509 2507 695 2565 adhuc
726 2527 830 2564 nos
863 2508 1098 2586 quidem
1126 2507 1377 2564 vidimus
1404 2506 1711 2577 neminem,
1743 2505 1845 2563 sed
1871 2505 1998 2583 phi-

308 2588 681 2663 losophorum
715 2588 1014 2645 sententiis
1038 2587 1221 2665 qualis
1247 2586 1343 2643 hie
1365 2586 1595 2643 futurus
1624 2586 1715 2657 sit,
1740 2586 1788 2643 si
1816 2585 1994 2643 modo

309 2667 616 2744 aliquando
651 2668 844 2739 fuerit,
882 2667 1321 2745 exponitur—is
1362 2667 1541 2744 igitur
1574 2667 1691 2723 sive
1726 2684 1800 2723 ea·
1824 2667 1991 2736 rati0,

311 2766 454 2823 quae
483 2748 591 2805 erit
618 2747 679 2805 in
714 2767 783 2805 eo
817 2749 1074 2825 perfecta
1107 2755 1279 2825 atque
1314 2746 1589 2815 absoluta,
1623 2748 1701 2803 sic
1732 2746 1813 2805 illi
1843 2747 1992 2823 parti

309 2827 617 2904 imperabit
639 2828 915 2898 inferiori,
939 2837 1002 2885 ut
1025 2828 1209 2885 iustus
1230 2847 1437 2905 parens
1458 2828 1653 2903 probis
1675 2828 1822 2895 filiis,
1849 2839 1993 2885 nutu

311 2908 470 2983 quod
508 2906 664 2965 volet
707 2907 986 2977 conficiet,
1036 2907 1194 2965 nullo
1239 2908 1449 2978 labore,
1496 2906 1653 2963 nulla
1693 2908 1992 2964 molestia:

309 2988 492 3064 eriget
532 2988 656 3065 ipse
695 3008 771 3059 se,
809 2987 1124 3059 suscitabit,
1160 2988 1421 3058 instruet,
1458 2988 1719 3058 armabit,
1754 2995 1819 3044 ut
1852 2994 1996 3043 tam-

311 3086 484 3143 quam
505 3068 678 3139 hosti,
705 3068 783 3125 sic
808 3068 1048 3125 obsistat
1069 3068 1271 3125 dolori.
1338 3066 1496 3135 Quae
1520 3074 1652 3123 sunt
1675 3068 1787 3123 ista
1806 3068 1995 3123 amna?

311 3147 644 3219 Contenti0‚
682 3148 1042 3206 confirmatio
1077 3168 1377 3223 sermoque
1414 3148 1667 3214 intimus,
1705 3166 1833 3202 011111
1873 3147 1993 3222 ipse

313 3246 538 3287 secum:
578 3228 781 3287 “Cave
814 3236 982 3305 turpe
1017 3228 1351 3305 quidquam,
1386 3227 1737 3303 languidum,
1771 3245 1884 3282 11011
1918 3227 1993 3283 vi-
