<?xml version="1.0" encoding="UTF-8"?>
<!DOCTYPE html PUBLIC "-//W3C//DTD XHTML 1.0 Transitional//EN"
    "http://www.w3.org/TR/xhtml1/DTD/xhtml1-transitional.dtd">
<html xmlns="http://www.w3.org/1999/xhtml" xml:lang="en" lang="en">
 <head>
  <title>
</title>
<meta http-equiv="Content-Type" content="text/html;charset=utf-8" />
  <meta name='ocr-system' content='tesseract 3.04.00' />
  <meta name='ocr-capabilities' content='ocr_page ocr_carea ocr_par ocr_line ocrx_word'/>
</head>
<body>
  <div class='ocr_page' id='page_1' title='image "./tusculanarumdis06cicegoog_0031.png"; bbox 0 0 2235 3581; ppageno 0'>
   <div class='ocr_carea' id='block_1_1' title="bbox 738 147 2010 246">
    <p class='ocr_par' dir='ltr' id='par_1_1' title="bbox 738 147 2010 246">
     <span class='ocr_line' id='line_1_1' title="bbox 738 147 2010 246; baseline 0 -12"><span class='ocrx_word' id='word_1_1' title='bbox 738 185 877 235; x_wconf 85' lang='lat' dir='ltr'><strong>LIB.</strong></span> <span class='ocrx_word' id='word_1_2' title='bbox 916 186 983 246; x_wconf 89' lang='lat'><strong>1.,</strong></span> <span class='ocrx_word' id='word_1_3' title='bbox 1016 185 1174 234; x_wconf 76' lang='lat' dir='ltr'>CAP.</span> <span class='ocrx_word' id='word_1_4' title='bbox 1213 147 1586 234; x_wconf 65' lang='lat' dir='ltr'><strong>xir111.·-xx.</strong></span> <span class='ocrx_word' id='word_1_5' title='bbox 1948 188 2010 234; x_wconf 79' lang='lat'><strong>21</strong></span> 
     </span>
    </p>
   </div>
   <div class='ocr_carea' id='block_1_2' title="bbox 320 285 2016 1004">
    <p class='ocr_par' dir='ltr' id='par_1_2' title="bbox 320 285 2016 764">
     <span class='ocr_line' id='line_1_2' title="bbox 320 285 2013 364; baseline -0.001 -18"><span class='ocrx_word' id='word_1_6' title='bbox 320 289 481 346; x_wconf 86' lang='lat' dir='ltr'><strong>Haec</strong></span> <span class='ocrx_word' id='word_1_7' title='bbox 514 288 669 345; x_wconf 90' lang='lat' dir='ltr'><strong>enim</strong></span> <span class='ocrx_word' id='word_1_8' title='bbox 698 285 1067 364; x_wconf 79' lang='lat' dir='ltr'><strong>pulchritudo</strong></span> <span class='ocrx_word' id='word_1_9' title='bbox 1102 285 1278 343; x_wconf 88' lang='lat' dir='ltr'><strong>etiam</strong></span> <span class='ocrx_word' id='word_1_10' title='bbox 1306 286 1368 342; x_wconf 91' lang='lat' dir='ltr'><strong>in</strong></span> <span class='ocrx_word' id='word_1_11' title='bbox 1395 286 1563 344; x_wconf 87' lang='lat' dir='ltr'><strong>terris</strong></span> <span class='ocrx_word' id='word_1_12' title='bbox 1591 285 1628 314; x_wconf 78' lang='lat'><strong>⁴⁴</strong></span> <span class='ocrx_word' id='word_1_13' title='bbox 1647 286 1920 364; x_wconf 88' lang='lat' dir='ltr'><strong>patritam</strong></span> <span class='ocrx_word' id='word_1_14' title='bbox 1949 287 2013 344; x_wconf 90' lang='lat' dir='ltr'><strong>il-</strong></span> 
     </span>
     <span class='ocr_line' id='line_1_3' title="bbox 322 366 2012 446; baseline -0.001 -22"><span class='ocrx_word' id='word_1_15' title='bbox 322 367 439 424; x_wconf 86' lang='lat' dir='ltr'><strong>lam</strong></span> <span class='ocrx_word' id='word_1_16' title='bbox 481 374 541 425; x_wconf 90' lang='lat' dir='ltr'><strong>et</strong></span> <span class='ocrx_word' id='word_1_17' title='bbox 581 368 850 439; x_wconf 83' lang='lat' dir='ltr'><strong>avitam,”</strong></span> <span class='ocrx_word' id='word_1_18' title='bbox 880 375 947 426; x_wconf 90' lang='lat' dir='ltr'><strong>ut</strong></span> <span class='ocrx_word' id='word_1_19' title='bbox 986 369 1069 426; x_wconf 91' lang='lat' dir='ltr'><strong>ait</strong></span> <span class='ocrx_word' id='word_1_20' title='bbox 1101 368 1550 446; x_wconf 87' lang='lat' dir='ltr'><strong>Theophrastus,</strong></span> <span class='ocrx_word' id='word_1_21' title='bbox 1580 366 2012 445; x_wconf 78' lang='lat' dir='ltr'><strong>philosophiam</strong></span> 
     </span>
     <span class='ocr_line' id='line_1_4' title="bbox 322 447 2014 526; baseline 0 -22"><span class='ocrx_word' id='word_1_22' title='bbox 322 448 674 523; x_wconf 77' lang='lat' dir='ltr'><strong>cognitionis</strong></span> <span class='ocrx_word' id='word_1_23' title='bbox 691 449 1007 526; x_wconf 86' lang='lat' dir='ltr'><strong>eupiditate</strong></span> <span class='ocrx_word' id='word_1_24' title='bbox 1024 449 1314 505; x_wconf 83' lang='lat' dir='ltr'><strong>incensam</strong></span> <span class='ocrx_word' id='word_1_25' title='bbox 1333 447 1618 505; x_wconf 85' lang='lat' dir='ltr'><strong>excitavit.</strong></span> <span class='ocrx_word' id='word_1_26' title='bbox 1696 447 2014 523; x_wconf 81' lang='lat' dir='ltr'><strong>Praecipue</strong></span> 
     </span>
     <span class='ocr_line' id='line_1_5' title="bbox 322 527 2016 605; baseline 0 -22"><span class='ocrx_word' id='word_1_27' title='bbox 322 546 458 584; x_wconf 86' lang='lat' dir='ltr'><strong>vero</strong></span> <span class='ocrx_word' id='word_1_28' title='bbox 492 527 758 584; x_wconf 74' lang='lat' dir='ltr'><strong>fruentur</strong></span> <span class='ocrx_word' id='word_1_29' title='bbox 783 547 851 585; x_wconf 90' lang='lat' dir='ltr'><strong>ea</strong></span> <span class='ocrx_word' id='word_1_30' title='bbox 878 529 978 605; x_wconf 92' lang='lat' dir='ltr'><strong>qui</strong></span> <span class='ocrx_word' id='word_1_31' title='bbox 1018 536 1144 585; x_wconf 89' lang='lat' dir='ltr'><strong>tum</strong></span> <span class='ocrx_word' id='word_1_32' title='bbox 1189 528 1380 598; x_wconf 83' lang='lat' dir='ltr'><strong>etiam,</strong></span> <span class='ocrx_word' id='word_1_33' title='bbox 1417 546 1549 584; x_wconf 91' lang='lat' dir='ltr'><strong>cum</strong></span> <span class='ocrx_word' id='word_1_34' title='bbox 1592 527 1696 584; x_wconf 90' lang='lat' dir='ltr'><strong>has</strong></span> <span class='ocrx_word' id='word_1_35' title='bbox 1723 533 1902 584; x_wconf 84' lang='lat' dir='ltr'><strong>terras</strong></span> <span class='ocrx_word' id='word_1_36' title='bbox 1930 527 2016 583; x_wconf 92' lang='lat' dir='ltr'><strong>in-</strong></span> 
     </span>
     <span class='ocr_line' id='line_1_6' title="bbox 324 606 2014 684; baseline -0.001 -20"><span class='ocrx_word' id='word_1_37' title='bbox 324 606 577 664; x_wconf 84' lang='lat' dir='ltr'><strong>colentes</strong></span> <span class='ocrx_word' id='word_1_38' title='bbox 598 607 930 664; x_wconf 87' lang='lat' dir='ltr'><strong>circumfusi</strong></span> <span class='ocrx_word' id='word_1_39' title='bbox 952 616 1115 665; x_wconf 83' lang='lat' dir='ltr'><strong>erant</strong></span> <span class='ocrx_word' id='word_1_40' title='bbox 1143 607 1402 684; x_wconf 83' lang='lat' dir='ltr'><strong>caligine,</strong></span> <span class='ocrx_word' id='word_1_41' title='bbox 1427 615 1624 664; x_wconf 84' lang='lat' dir='ltr'><strong>tamen</strong></span> <span class='ocrx_word' id='word_1_42' title='bbox 1651 606 1773 664; x_wconf 89' lang='lat' dir='ltr'><strong>acie</strong></span> <span class='ocrx_word' id='word_1_43' title='bbox 1800 607 2014 664; x_wconf 88' lang='lat' dir='ltr'><strong>mentis</strong></span> 
     </span>
     <span class='ocr_line' id='line_1_7' title="bbox 322 687 956 764; baseline 0.003 -22"><span class='ocrx_word' id='word_1_44' title='bbox 322 687 605 763; x_wconf 86' lang='lat' dir='ltr'><strong>dispicere</strong></span> <span class='ocrx_word' id='word_1_45' title='bbox 633 687 956 764; x_wconf 87' lang='lat' dir='ltr'><strong>cupiebant.</strong></span> 
     </span>
    </p>

    <p class='ocr_par' dir='ltr' id='par_1_3' title="bbox 324 766 2015 1004">
     <span class='ocr_line' id='line_1_8' title="bbox 404 766 2010 844; baseline -0.001 -21"><span class='ocrx_word' id='word_1_46' title='bbox 404 766 542 824; x_wconf 86' lang='lat' dir='ltr'><strong>XX.</strong></span> <span class='ocrx_word' id='word_1_47' title='bbox 588 767 820 824; x_wconf 78' lang='lat' dir='ltr'><strong>Etenim</strong></span> <span class='ocrx_word' id='word_1_48' title='bbox 862 769 912 824; x_wconf 92' lang='lat' dir='ltr'><strong>si</strong></span> <span class='ocrx_word' id='word_1_49' title='bbox 954 786 1108 824; x_wconf 89' lang='lat' dir='ltr'><strong>nunc</strong></span> <span class='ocrx_word' id='word_1_50' title='bbox 1149 767 1368 844; x_wconf 86' lang='lat' dir='ltr'><strong>aliquid</strong></span> <span class='ocrx_word' id='word_1_51' title='bbox 1410 767 1649 843; x_wconf 86' lang='lat' dir='ltr'><strong>adsequi</strong></span> <span class='ocrx_word' id='word_1_52' title='bbox 1691 785 1752 823; x_wconf 88' lang='lat' dir='ltr'><strong>se</strong></span> <span class='ocrx_word' id='word_1_53' title='bbox 1785 771 2010 842; x_wconf 86' lang='lat' dir='ltr'><strong>put-ant,</strong></span> 
     </span>
     <span class='ocr_line' id='line_1_9' title="bbox 324 846 2015 924; baseline -0.001 -22"><span class='ocrx_word' id='word_1_54' title='bbox 324 847 426 922; x_wconf 90' lang='lat' dir='ltr'><strong>qui</strong></span> <span class='ocrx_word' id='word_1_55' title='bbox 455 847 668 904; x_wconf 90' lang='lat' dir='ltr'><strong>ostium</strong></span> <span class='ocrx_word' id='word_1_56' title='bbox 691 847 870 904; x_wconf 84' lang='lat' dir='ltr'><strong>Ponti</strong></span> <span class='ocrx_word' id='word_1_57' title='bbox 890 847 1159 904; x_wconf 85' lang='lat' dir='ltr'><strong>viderunt</strong></span> <span class='ocrx_word' id='word_1_58' title='bbox 1192 853 1251 903; x_wconf 91' lang='lat' dir='ltr'><strong>et</strong></span> <span class='ocrx_word' id='word_1_59' title='bbox 1284 865 1378 903; x_wconf 88' lang='lat' dir='ltr'><strong>eas</strong></span> <span class='ocrx_word' id='word_1_60' title='bbox 1407 846 1718 924; x_wconf 75' lang='lat' dir='ltr'><strong>angustiaS,</strong></span> <span class='ocrx_word' id='word_1_61' title='bbox 1743 863 1846 923; x_wconf 93' lang='lat' dir='ltr'><strong>per</strong></span> <span class='ocrx_word' id='word_1_62' title='bbox 1874 863 2015 922; x_wconf 85' lang='lat' dir='ltr'><strong>quas</strong></span> 
     </span>
     <span class='ocr_line' id='line_1_10' title="bbox 325 925 1376 1004; baseline -0.002 -20"><span class='ocrx_word' id='word_1_63' title='bbox 325 927 648 1004; x_wconf 85' lang='lat' dir='ltr'><strong>penetravit</strong></span> <span class='ocrx_word' id='word_1_64' title='bbox 675 946 757 999; x_wconf 87' lang='lat' dir='ltr'><strong>ea,</strong></span> <span class='ocrx_word' id='word_1_65' title='bbox 784 945 927 1004; x_wconf 88' lang='lat' dir='ltr'><strong>quae</strong></span> <span class='ocrx_word' id='word_1_66' title='bbox 956 933 1044 984; x_wconf 90' lang='lat' dir='ltr'><strong>est</strong></span> <span class='ocrx_word' id='word_1_67' title='bbox 1076 925 1376 984; x_wconf 88' lang='lat' dir='ltr'><strong>nominata</strong></span> 
     </span>
    </p>
   </div>
   <div class='ocr_carea' id='block_1_3' title="bbox 611 1050 1716 1180">
    <p class='ocr_par' dir='ltr' id='par_1_4' title="bbox 611 1050 1716 1180">
     <span class='ocr_line' id='line_1_11' title="bbox 611 1050 1559 1114; baseline -0.002 -14"><span class='ocrx_word' id='word_1_68' title='bbox 611 1052 769 1113; x_wconf 88' lang='lat' dir='ltr'><strong>Arg0,</strong></span> <span class='ocrx_word' id='word_1_69' title='bbox 791 1051 910 1114; x_wconf 85' lang='lat' dir='ltr'><strong>quia</strong></span> <span class='ocrx_word' id='word_1_70' title='bbox 925 1051 1101 1112; x_wconf 85' lang='lat' dir='ltr'><strong>Argivi</strong></span> <span class='ocrx_word' id='word_1_71' title='bbox 1125 1051 1178 1098; x_wconf 90' lang='lat' dir='ltr'><strong>in</strong></span> <span class='ocrx_word' id='word_1_72' title='bbox 1200 1065 1261 1100; x_wconf 87' lang='lat' dir='ltr'><strong>ea</strong></span> <span class='ocrx_word' id='word_1_73' title='bbox 1283 1050 1450 1099; x_wconf 88' lang='lat' dir='ltr'><strong>dilecti</strong></span> <span class='ocrx_word' id='word_1_74' title='bbox 1467 1051 1559 1098; x_wconf 86' lang='lat' dir='ltr'><strong>viri</strong></span> 
     </span>
     <span class='ocr_line' id='line_1_12' title="bbox 612 1115 1716 1180; baseline -0.001 -15"><span class='ocrx_word' id='word_1_75' title='bbox 612 1117 740 1165; x_wconf 63' lang='lat' dir='ltr'><strong>vecti</strong></span> <span class='ocrx_word' id='word_1_76' title='bbox 763 1118 1000 1180; x_wconf 86' lang='lat' dir='ltr'><strong>petebant</strong></span> <span class='ocrx_word' id='word_1_77' title='bbox 1022 1116 1203 1180; x_wconf 85' lang='lat' dir='ltr'><strong>pellem</strong></span> <span class='ocrx_word' id='word_1_78' title='bbox 1226 1116 1510 1164; x_wconf 83' lang='lat' dir='ltr'><strong>inauratam</strong></span> <span class='ocrx_word' id='word_1_79' title='bbox 1530 1115 1716 1178; x_wconf 85' lang='lat' dir='ltr'><strong>arietis,</strong></span> 
     </span>
    </p>
   </div>
   <div class='ocr_carea' id='block_1_4' title="bbox 322 1233 1788 1428">
    <p class='ocr_par' dir='ltr' id='par_1_5' title="bbox 322 1233 1788 1428">
     <span class='ocr_line' id='line_1_13' title="bbox 322 1233 1475 1311; baseline -0.001 -20"><span class='ocrx_word' id='word_1_80' title='bbox 322 1241 425 1292; x_wconf 89' lang='lat' dir='ltr'><strong>aut</strong></span> <span class='ocrx_word' id='word_1_81' title='bbox 452 1234 511 1306; x_wconf 88' lang='lat' dir='ltr'><strong>ii,</strong></span> <span class='ocrx_word' id='word_1_82' title='bbox 532 1235 632 1311; x_wconf 90' lang='lat' dir='ltr'><strong>qui</strong></span> <span class='ocrx_word' id='word_1_83' title='bbox 652 1233 869 1292; x_wconf 85' lang='lat' dir='ltr'><strong>Oceani</strong></span> <span class='ocrx_word' id='word_1_84' title='bbox 895 1236 1047 1292; x_wconf 87' lang='lat' dir='ltr'><strong>freta</strong></span> <span class='ocrx_word' id='word_1_85' title='bbox 1073 1234 1172 1291; x_wconf 89' lang='lat' dir='ltr'><strong>illa</strong></span> <span class='ocrx_word' id='word_1_86' title='bbox 1192 1233 1475 1306; x_wconf 89' lang='lat' dir='ltr'><strong>viderunt,</strong></span> 
     </span>
     <span class='ocr_line' id='line_1_14' title="bbox 542 1362 1788 1428; baseline 0.002 -18"><span class='ocrx_word' id='word_1_87' title='bbox 542 1363 799 1426; x_wconf 86' lang='lat' dir='ltr'><strong>Europam</strong></span> <span class='ocrx_word' id='word_1_88' title='bbox 814 1363 1126 1428; x_wconf 84' lang='lat' dir='ltr'><strong>L&#39;ibyumque</strong></span> <span class='ocrx_word' id='word_1_89' title='bbox 1147 1379 1305 1426; x_wconf 82' lang='lat' dir='ltr'><strong>rapax</strong></span> <span class='ocrx_word' id='word_1_90' title='bbox 1326 1363 1410 1412; x_wconf 90' lang='lat' dir='ltr'><strong>ubi</strong></span> <span class='ocrx_word' id='word_1_91' title='bbox 1434 1362 1612 1412; x_wconf 82' lang='lat' dir='ltr'><strong>dividit</strong></span> <span class='ocrx_word' id='word_1_92' title='bbox 1633 1363 1788 1424; x_wconf 84' lang='lat' dir='ltr'><strong>unda,</strong></span> 
     </span>
    </p>
   </div>
   <div class='ocr_carea' id='block_1_5' title="bbox 325 1478 2014 3233">
    <p class='ocr_par' dir='ltr' id='par_1_6' title="bbox 325 1478 2014 3233">
     <span class='ocr_line' id='line_1_15' title="bbox 326 1478 2013 1556; baseline 0 -20"><span class='ocrx_word' id='word_1_93' title='bbox 326 1479 486 1556; x_wconf 90' lang='lat' dir='ltr'><strong>quod</strong></span> <span class='ocrx_word' id='word_1_94' title='bbox 525 1478 761 1537; x_wconf 88' lang='lat' dir='ltr'><strong>tandem</strong></span> <span class='ocrx_word' id='word_1_95' title='bbox 805 1480 1196 1556; x_wconf 84' lang='lat' dir='ltr'><strong>spectaculum</strong></span> <span class='ocrx_word' id='word_1_96' title='bbox 1251 1480 1379 1536; x_wconf 85' lang='lat' dir='ltr'><strong>fore</strong></span> <span class='ocrx_word' id='word_1_97' title='bbox 1422 1487 1708 1556; x_wconf 84' lang='lat' dir='ltr'><strong>putamus,</strong></span> <span class='ocrx_word' id='word_1_98' title='bbox 1753 1497 1885 1536; x_wconf 90' lang='lat' dir='ltr'><strong>cum</strong></span> <span class='ocrx_word' id='word_1_99' title='bbox 1927 1487 2013 1536; x_wconf 90' lang='lat' dir='ltr'><strong>to-</strong></span> 
     </span>
     <span class='ocr_line' id='line_1_16' title="bbox 326 1559 2013 1636; baseline -0.001 -20"><span class='ocrx_word' id='word_1_100' title='bbox 326 1567 446 1616; x_wconf 84' lang='lat' dir='ltr'><strong>tam</strong></span> <span class='ocrx_word' id='word_1_101' title='bbox 476 1566 685 1617; x_wconf 88' lang='lat' dir='ltr'><strong>terram</strong></span> <span class='ocrx_word' id='word_1_102' title='bbox 725 1561 986 1618; x_wconf 90' lang='lat' dir='ltr'><strong>contueri</strong></span> <span class='ocrx_word' id='word_1_103' title='bbox 1018 1559 1216 1617; x_wconf 88' lang='lat' dir='ltr'><strong>licebit</strong></span> <span class='ocrx_word' id='word_1_104' title='bbox 1251 1559 1485 1636; x_wconf 90' lang='lat' dir='ltr'><strong>eiusque</strong></span> <span class='ocrx_word' id='word_1_105' title='bbox 1519 1579 1650 1616; x_wconf 88' lang='lat' dir='ltr'><strong>cum</strong></span> <span class='ocrx_word' id='word_1_106' title='bbox 1679 1559 1874 1627; x_wconf 89' lang='lat' dir='ltr'><strong>situm,</strong></span> <span class='ocrx_word' id='word_1_107' title='bbox 1897 1559 2013 1615; x_wconf 87' lang='lat' dir='ltr'><strong>for-</strong></span> 
     </span>
     <span class='ocr_line' id='line_1_17' title="bbox 326 1635 2013 1717; baseline -0.001 -21"><span class='ocrx_word' id='word_1_108' title='bbox 326 1635 512 1710; x_wconf 56' lang='lat' dir='ltr'><strong>mam:</strong></span> <span class='ocrx_word' id='word_1_109' title='bbox 524 1640 1131 1717; x_wconf 86' lang='lat' dir='ltr'><strong>circumscriptionem,</strong></span> <span class='ocrx_word' id='word_1_110' title='bbox 1155 1645 1284 1697; x_wconf 91' lang='lat' dir='ltr'><strong>tum</strong></span> <span class='ocrx_word' id='word_1_111' title='bbox 1305 1645 1365 1696; x_wconf 85' lang='lat' dir='ltr'><strong>et</strong></span> <span class='ocrx_word' id='word_1_112' title='bbox 1385 1638 1727 1696; x_wconf 81' lang='lat' dir='ltr'><strong>habitabiles</strong></span> <span class='ocrx_word' id='word_1_113' title='bbox 1749 1638 2013 1714; x_wconf 86' lang='lat' dir='ltr'><strong>regiones</strong></span> 
     </span>
     <span class='ocr_line' id='line_1_18' title="bbox 326 1719 2013 1798; baseline 0 -22"><span class='ocrx_word' id='word_1_114' title='bbox 326 1726 386 1776; x_wconf 88' lang='lat' dir='ltr'><strong>et</strong></span> <span class='ocrx_word' id='word_1_115' title='bbox 413 1738 637 1777; x_wconf 86' lang='lat' dir='ltr'><strong>rursum</strong></span> <span class='ocrx_word' id='word_1_116' title='bbox 669 1720 831 1776; x_wconf 88' lang='lat' dir='ltr'><strong>omni</strong></span> <span class='ocrx_word' id='word_1_117' title='bbox 865 1719 1023 1777; x_wconf 91' lang='lat' dir='ltr'><strong>cultu</strong></span> <span class='ocrx_word' id='word_1_118' title='bbox 1054 1725 1294 1798; x_wconf 87' lang='lat' dir='ltr'><strong>propter</strong></span> <span class='ocrx_word' id='word_1_119' title='bbox 1319 1719 1436 1776; x_wconf 86' lang='lat' dir='ltr'><strong>vim</strong></span> <span class='ocrx_word' id='word_1_120' title='bbox 1472 1719 1706 1798; x_wconf 86' lang='lat' dir='ltr'><strong>frigoris</strong></span> <span class='ocrx_word' id='word_1_121' title='bbox 1739 1725 1840 1776; x_wconf 90' lang='lat' dir='ltr'><strong>aut</strong></span> <span class='ocrx_word' id='word_1_122' title='bbox 1867 1719 2013 1776; x_wconf 85' lang='lat' dir='ltr'><strong>calo-</strong></span> 
     </span>
     <span class='ocr_line' id='line_1_19' title="bbox 326 1799 2013 1878; baseline 0 -22"><span class='ocrx_word' id='word_1_123' title='bbox 326 1800 404 1857; x_wconf 85' lang='lat' dir='ltr'><strong>ris</strong></span> <span class='ocrx_word' id='word_1_124' title='bbox 426 1801 725 1858; x_wconf 65' lang='lat' dir='ltr'><strong>vacantes?</strong></span> <span class='ocrx_word' id='word_1_125' title='bbox 807 1805 900 1858; x_wconf 85' lang='lat'><strong>46.</strong></span> <span class='ocrx_word' id='word_1_126' title='bbox 945 1800 1071 1858; x_wconf 91' lang='lat' dir='ltr'><strong>Nos</strong></span> <span class='ocrx_word' id='word_1_127' title='bbox 1098 1801 1255 1857; x_wconf 90' lang='lat' dir='ltr'><strong>enim</strong></span> <span class='ocrx_word' id='word_1_128' title='bbox 1283 1820 1356 1858; x_wconf 89' lang='lat' dir='ltr'><strong>ne</strong></span> <span class='ocrx_word' id='word_1_129' title='bbox 1385 1819 1537 1858; x_wconf 88' lang='lat' dir='ltr'><strong>nunc</strong></span> <span class='ocrx_word' id='word_1_130' title='bbox 1567 1800 1804 1878; x_wconf 90' lang='lat' dir='ltr'><strong>quidem</strong></span> <span class='ocrx_word' id='word_1_131' title='bbox 1832 1799 2013 1857; x_wconf 90' lang='lat' dir='ltr'><strong>oculis</strong></span> 
     </span>
     <span class='ocr_line' id='line_1_20' title="bbox 325 1879 2012 1958; baseline -0.001 -21"><span class='ocrx_word' id='word_1_132' title='bbox 325 1881 614 1937; x_wconf 87' lang='lat' dir='ltr'><strong>cernimus</strong></span> <span class='ocrx_word' id='word_1_133' title='bbox 654 1900 737 1950; x_wconf 87' lang='lat' dir='ltr'><strong>ea,</strong></span> <span class='ocrx_word' id='word_1_134' title='bbox 783 1899 927 1957; x_wconf 88' lang='lat' dir='ltr'><strong>quae</strong></span> <span class='ocrx_word' id='word_1_135' title='bbox 968 1879 1263 1938; x_wconf 88' lang='lat' dir='ltr'><strong>videmus:</strong></span> <span class='ocrx_word' id='word_1_136' title='bbox 1307 1899 1492 1958; x_wconf 90' lang='lat' dir='ltr'><strong>neque</strong></span> <span class='ocrx_word' id='word_1_137' title='bbox 1534 1887 1622 1938; x_wconf 90' lang='lat' dir='ltr'><strong>est</strong></span> <span class='ocrx_word' id='word_1_138' title='bbox 1662 1881 1818 1938; x_wconf 88' lang='lat' dir='ltr'><strong>enim</strong></span> <span class='ocrx_word' id='word_1_139' title='bbox 1860 1879 2012 1937; x_wconf 91' lang='lat' dir='ltr'><strong>ullus</strong></span> 
     </span>
     <span class='ocr_line' id='line_1_21' title="bbox 326 1959 2008 2037; baseline 0 -21"><span class='ocrx_word' id='word_1_140' title='bbox 326 1978 525 2018; x_wconf 89' lang='lat' dir='ltr'><strong>sensus</strong></span> <span class='ocrx_word' id='word_1_141' title='bbox 554 1960 615 2016; x_wconf 92' lang='lat' dir='ltr'><strong>in</strong></span> <span class='ocrx_word' id='word_1_142' title='bbox 643 1978 897 2037; x_wconf 88' lang='lat' dir='ltr'><strong>corpore,</strong></span> <span class='ocrx_word' id='word_1_143' title='bbox 929 1960 1031 2017; x_wconf 88' lang='lat' dir='ltr'><strong>sed</strong></span> <span class='ocrx_word' id='word_1_144' title='bbox 1064 1967 1131 2017; x_wconf 88' lang='lat' dir='ltr'><strong>ut</strong></span> <span class='ocrx_word' id='word_1_145' title='bbox 1163 1979 1282 2017; x_wconf 91' lang='lat' dir='ltr'><strong>non</strong></span> <span class='ocrx_word' id='word_1_146' title='bbox 1309 1959 1537 2037; x_wconf 88' lang='lat' dir='ltr'><strong>physici</strong></span> <span class='ocrx_word' id='word_1_147' title='bbox 1565 1960 1749 2033; x_wconf 81' lang='lat' dir='ltr'><strong>solum</strong></span> <span class='ocrx_word' id='word_1_148' title='bbox 1781 1960 2008 2030; x_wconf 87' lang='lat' dir='ltr'><strong>docent,</strong></span> 
     </span>
     <span class='ocr_line' id='line_1_22' title="bbox 328 2040 2014 2118; baseline 0 -22"><span class='ocrx_word' id='word_1_149' title='bbox 328 2059 526 2097; x_wconf 89' lang='lat' dir='ltr'><strong>verum</strong></span> <span class='ocrx_word' id='word_1_150' title='bbox 556 2040 731 2097; x_wconf 84' lang='lat' dir='ltr'><strong>etiam</strong></span> <span class='ocrx_word' id='word_1_151' title='bbox 764 2040 991 2111; x_wconf 87' lang='lat' dir='ltr'><strong>medici,</strong></span> <span class='ocrx_word' id='word_1_152' title='bbox 1023 2041 1124 2117; x_wconf 89' lang='lat' dir='ltr'><strong>qui</strong></span> <span class='ocrx_word' id='word_1_153' title='bbox 1151 2040 1263 2097; x_wconf 88' lang='lat' dir='ltr'><strong>ista</strong></span> <span class='ocrx_word' id='word_1_154' title='bbox 1293 2047 1492 2117; x_wconf 83' lang='lat' dir='ltr'><strong>aperta</strong></span> <span class='ocrx_word' id='word_1_155' title='bbox 1523 2047 1582 2098; x_wconf 90' lang='lat' dir='ltr'><strong>et</strong></span> <span class='ocrx_word' id='word_1_156' title='bbox 1614 2040 1905 2118; x_wconf 82' lang='lat' dir='ltr'><strong>patefacta</strong></span> <span class='ocrx_word' id='word_1_157' title='bbox 1933 2040 2014 2096; x_wconf 88' lang='lat' dir='ltr'><strong>vi-</strong></span> 
     </span>
     <span class='ocr_line' id='line_1_23' title="bbox 326 2120 2009 2197; baseline -0.001 -21"><span class='ocrx_word' id='word_1_158' title='bbox 326 2120 554 2189; x_wconf 88' lang='lat' dir='ltr'><strong>derunt,</strong></span> <span class='ocrx_word' id='word_1_159' title='bbox 576 2120 703 2177; x_wconf 84' lang='lat' dir='ltr'><strong>viae</strong></span> <span class='ocrx_word' id='word_1_160' title='bbox 732 2120 893 2197; x_wconf 81' lang='lat' dir='ltr'><strong>quasi</strong></span> <span class='ocrx_word' id='word_1_161' title='bbox 922 2120 1202 2197; x_wconf 84' lang='lat' dir='ltr'><strong>quaedam</strong></span> <span class='ocrx_word' id='word_1_162' title='bbox 1231 2128 1366 2177; x_wconf 87' lang='lat' dir='ltr'><strong>sunt</strong></span> <span class='ocrx_word' id='word_1_163' title='bbox 1391 2120 1466 2177; x_wconf 86' lang='lat' dir='ltr'><strong>ad</strong></span> <span class='ocrx_word' id='word_1_164' title='bbox 1496 2120 1707 2191; x_wconf 90' lang='lat' dir='ltr'><strong>oculos,</strong></span> <span class='ocrx_word' id='word_1_165' title='bbox 1728 2120 1804 2177; x_wconf 91' lang='lat' dir='ltr'><strong>ad</strong></span> <span class='ocrx_word' id='word_1_166' title='bbox 1829 2138 2009 2190; x_wconf 89' lang='lat' dir='ltr'><strong>aures,</strong></span> 
     </span>
     <span class='ocr_line' id='line_1_24' title="bbox 327 2199 2012 2277; baseline 0 -21"><span class='ocrx_word' id='word_1_167' title='bbox 327 2200 404 2256; x_wconf 84' lang='lat' dir='ltr'><strong>ad</strong></span> <span class='ocrx_word' id='word_1_168' title='bbox 432 2219 595 2257; x_wconf 86' lang='lat' dir='ltr'><strong>nares</strong></span> <span class='ocrx_word' id='word_1_169' title='bbox 622 2218 659 2257; x_wconf 87' lang='lat' dir='ltr'><strong>a</strong></span> <span class='ocrx_word' id='word_1_170' title='bbox 685 2199 817 2257; x_wconf 86' lang='lat' dir='ltr'><strong>sede</strong></span> <span class='ocrx_word' id='word_1_171' title='bbox 846 2200 1023 2257; x_wconf 90' lang='lat' dir='ltr'><strong>animi</strong></span> <span class='ocrx_word' id='word_1_172' title='bbox 1056 2200 1397 2277; x_wconf 84' lang='lat' dir='ltr'><strong>perforatae.</strong></span> <span class='ocrx_word' id='word_1_173' title='bbox 1483 2199 1687 2277; x_wconf 86' lang='lat' dir='ltr'><strong>Itaque</strong></span> <span class='ocrx_word' id='word_1_174' title='bbox 1716 2218 1884 2277; x_wconf 89' lang='lat' dir='ltr'><strong>saepe</strong></span> <span class='ocrx_word' id='word_1_175' title='bbox 1912 2205 2012 2256; x_wconf 88' lang='lat' dir='ltr'><strong>aut</strong></span> 
     </span>
     <span class='ocr_line' id='line_1_25' title="bbox 328 2279 2013 2356; baseline -0.001 -20"><span class='ocrx_word' id='word_1_176' title='bbox 328 2279 681 2356; x_wconf 84' lang='lat' dir='ltr'><strong>cogitatione</strong></span> <span class='ocrx_word' id='word_1_177' title='bbox 714 2287 815 2337; x_wconf 87' lang='lat' dir='ltr'><strong>aut</strong></span> <span class='ocrx_word' id='word_1_178' title='bbox 847 2279 1038 2356; x_wconf 88' lang='lat' dir='ltr'><strong>aliqua</strong></span> <span class='ocrx_word' id='word_1_179' title='bbox 1063 2280 1122 2336; x_wconf 85' lang='lat' dir='ltr'><strong>vi</strong></span> <span class='ocrx_word' id='word_1_180' title='bbox 1155 2279 1344 2337; x_wconf 89' lang='lat' dir='ltr'><strong>morbi</strong></span> <span class='ocrx_word' id='word_1_181' title='bbox 1386 2279 1653 2355; x_wconf 87' lang='lat' dir='ltr'><strong>impediti</strong></span> <span class='ocrx_word' id='word_1_182' title='bbox 1685 2280 1897 2355; x_wconf 78' lang='lat' dir='ltr'><strong>apertis</strong></span> <span class='ocrx_word' id='word_1_183' title='bbox 1931 2286 2013 2335; x_wconf 86' lang='lat' dir='ltr'><strong>at-</strong></span> 
     </span>
     <span class='ocr_line' id='line_1_26' title="bbox 331 2358 2013 2435; baseline -0.001 -20"><span class='ocrx_word' id='word_1_184' title='bbox 331 2378 442 2434; x_wconf 92' lang='lat' dir='ltr'><strong>que</strong></span> <span class='ocrx_word' id='word_1_185' title='bbox 470 2358 710 2435; x_wconf 87' lang='lat' dir='ltr'><strong>integris</strong></span> <span class='ocrx_word' id='word_1_186' title='bbox 738 2368 797 2417; x_wconf 84' lang='lat' dir='ltr'><strong>et</strong></span> <span class='ocrx_word' id='word_1_187' title='bbox 824 2360 1004 2416; x_wconf 90' lang='lat' dir='ltr'><strong>oculis</strong></span> <span class='ocrx_word' id='word_1_188' title='bbox 1032 2367 1090 2417; x_wconf 91' lang='lat' dir='ltr'><strong>et</strong></span> <span class='ocrx_word' id='word_1_189' title='bbox 1110 2358 1343 2416; x_wconf 90' lang='lat' dir='ltr'><strong>auribus</strong></span> <span class='ocrx_word' id='word_1_190' title='bbox 1370 2378 1475 2415; x_wconf 90' lang='lat' dir='ltr'><strong>nec</strong></span> <span class='ocrx_word' id='word_1_191' title='bbox 1497 2359 1758 2415; x_wconf 89' lang='lat' dir='ltr'><strong>videmus</strong></span> <span class='ocrx_word' id='word_1_192' title='bbox 1783 2377 1890 2415; x_wconf 89' lang='lat' dir='ltr'><strong>nec</strong></span> <span class='ocrx_word' id='word_1_193' title='bbox 1918 2377 2013 2415; x_wconf 90' lang='lat' dir='ltr'><strong>au-</strong></span> 
     </span>
     <span class='ocr_line' id='line_1_27' title="bbox 328 2438 2014 2517; baseline 0.001 -23"><span class='ocrx_word' id='word_1_194' title='bbox 328 2438 537 2509; x_wconf 85' lang='lat' dir='ltr'><strong>dimus,</strong></span> <span class='ocrx_word' id='word_1_195' title='bbox 558 2446 625 2495; x_wconf 87' lang='lat' dir='ltr'><strong>ut</strong></span> <span class='ocrx_word' id='word_1_196' title='bbox 656 2438 825 2496; x_wconf 84' lang='lat' dir='ltr'><strong>facile</strong></span> <span class='ocrx_word' id='word_1_197' title='bbox 851 2439 1108 2517; x_wconf 85' lang='lat' dir='ltr'><strong>intellegi</strong></span> <span class='ocrx_word' id='word_1_198' title='bbox 1138 2439 1323 2515; x_wconf 87' lang='lat' dir='ltr'><strong>possit</strong></span> <span class='ocrx_word' id='word_1_199' title='bbox 1355 2439 1612 2495; x_wconf 87' lang='lat' dir='ltr'><strong>animum</strong></span> <span class='ocrx_word' id='word_1_200' title='bbox 1647 2444 1706 2495; x_wconf 90' lang='lat' dir='ltr'><strong>et</strong></span> <span class='ocrx_word' id='word_1_201' title='bbox 1733 2438 1926 2496; x_wconf 89' lang='lat' dir='ltr'><strong>videre</strong></span> <span class='ocrx_word' id='word_1_202' title='bbox 1955 2445 2014 2495; x_wconf 85' lang='lat' dir='ltr'><strong>et</strong></span> 
     </span>
     <span class='ocr_line' id='line_1_28' title="bbox 330 2517 2014 2595; baseline 0.001 -21"><span class='ocrx_word' id='word_1_203' title='bbox 330 2518 543 2588; x_wconf 83' lang='lat' dir='ltr'><strong>audire,</strong></span> <span class='ocrx_word' id='word_1_204' title='bbox 569 2537 685 2575; x_wconf 91' lang='lat' dir='ltr'><strong>non</strong></span> <span class='ocrx_word' id='word_1_205' title='bbox 721 2537 814 2576; x_wconf 87' lang='lat' dir='ltr'><strong>eas</strong></span> <span class='ocrx_word' id='word_1_206' title='bbox 848 2525 1054 2595; x_wconf 77' lang='lat' dir='ltr'><strong>parteS,</strong></span> <span class='ocrx_word' id='word_1_207' title='bbox 1080 2537 1226 2595; x_wconf 91' lang='lat' dir='ltr'><strong>quae</strong></span> <span class='ocrx_word' id='word_1_208' title='bbox 1261 2518 1424 2594; x_wconf 88' lang='lat' dir='ltr'><strong>quasi</strong></span> <span class='ocrx_word' id='word_1_209' title='bbox 1456 2519 1740 2575; x_wconf 87' lang='lat' dir='ltr'><strong>fenestrae</strong></span> <span class='ocrx_word' id='word_1_210' title='bbox 1775 2517 1891 2575; x_wconf 88' lang='lat' dir='ltr'><strong>sint</strong></span> <span class='ocrx_word' id='word_1_211' title='bbox 1917 2538 2014 2575; x_wconf 89' lang='lat' dir='ltr'><strong>an-</strong></span> 
     </span>
     <span class='ocr_line' id='line_1_29' title="bbox 329 2596 2012 2675; baseline 0 -22"><span class='ocrx_word' id='word_1_212' title='bbox 329 2597 451 2668; x_wconf 88' lang='lat' dir='ltr'><strong>imi,</strong></span> <span class='ocrx_word' id='word_1_213' title='bbox 484 2596 691 2674; x_wconf 88' lang='lat' dir='ltr'><strong>quibus</strong></span> <span class='ocrx_word' id='word_1_214' title='bbox 724 2604 917 2655; x_wconf 87' lang='lat' dir='ltr'><strong>tamen</strong></span> <span class='ocrx_word' id='word_1_215' title='bbox 952 2599 1162 2655; x_wconf 85' lang='lat' dir='ltr'><strong>sentire</strong></span> <span class='ocrx_word' id='word_1_216' title='bbox 1197 2598 1342 2655; x_wconf 90' lang='lat' dir='ltr'><strong>nihil</strong></span> <span class='ocrx_word' id='word_1_217' title='bbox 1377 2604 1549 2675; x_wconf 88' lang='lat' dir='ltr'><strong>queat</strong></span> <span class='ocrx_word' id='word_1_218' title='bbox 1588 2617 1766 2669; x_wconf 90' lang='lat' dir='ltr'><strong>mens,</strong></span> <span class='ocrx_word' id='word_1_219' title='bbox 1805 2598 1917 2654; x_wconf 91' lang='lat' dir='ltr'><strong>nisi</strong></span> <span class='ocrx_word' id='word_1_220' title='bbox 1949 2597 2012 2654; x_wconf 90' lang='lat' dir='ltr'><strong>id</strong></span> 
     </span>
     <span class='ocr_line' id='line_1_30' title="bbox 330 2676 2014 2754; baseline 0 -21"><span class='ocrx_word' id='word_1_221' title='bbox 330 2685 465 2753; x_wconf 84' lang='lat' dir='ltr'><strong>agat</strong></span> <span class='ocrx_word' id='word_1_222' title='bbox 498 2683 557 2733; x_wconf 92' lang='lat' dir='ltr'><strong>et</strong></span> <span class='ocrx_word' id='word_1_223' title='bbox 588 2676 753 2734; x_wconf 87' lang='lat' dir='ltr'><strong>adsit.</strong></span> <span class='ocrx_word' id='word_1_224' title='bbox 832 2676 1023 2745; x_wconf 67' lang='lat' dir='ltr'><strong>Quid?</strong></span> <span class='ocrx_word' id='word_1_225' title='bbox 1079 2677 1237 2754; x_wconf 92' lang='lat' dir='ltr'><strong>quod</strong></span> <span class='ocrx_word' id='word_1_226' title='bbox 1270 2678 1469 2734; x_wconf 86' lang='lat' dir='ltr'><strong>eadem</strong></span> <span class='ocrx_word' id='word_1_227' title='bbox 1502 2684 1695 2735; x_wconf 88' lang='lat' dir='ltr'><strong>mente</strong></span> <span class='ocrx_word' id='word_1_228' title='bbox 1729 2696 1820 2735; x_wconf 86' lang='lat' dir='ltr'><strong>res</strong></span> <span class='ocrx_word' id='word_1_229' title='bbox 1853 2677 2014 2734; x_wconf 88' lang='lat' dir='ltr'><strong>dissi-</strong></span> 
     </span>
     <span class='ocr_line' id='line_1_31' title="bbox 329 2756 2014 2834; baseline 0 -21"><span class='ocrx_word' id='word_1_230' title='bbox 329 2756 601 2815; x_wconf 87' lang='lat' dir='ltr'><strong>millimas</strong></span> <span class='ocrx_word' id='word_1_231' title='bbox 632 2757 1115 2834; x_wconf 78' lang='lat' dir='ltr'><strong>comprendimuS,</strong></span> <span class='ocrx_word' id='word_1_232' title='bbox 1152 2764 1219 2814; x_wconf 89' lang='lat' dir='ltr'><strong>ut</strong></span> <span class='ocrx_word' id='word_1_233' title='bbox 1252 2757 1518 2827; x_wconf 89' lang='lat' dir='ltr'><strong>colorem,</strong></span> <span class='ocrx_word' id='word_1_234' title='bbox 1555 2776 1833 2833; x_wconf 87' lang='lat' dir='ltr'><strong>saporem,</strong></span> <span class='ocrx_word' id='word_1_235' title='bbox 1865 2756 2014 2814; x_wconf 86' lang='lat' dir='ltr'><strong>calo-</strong></span> 
     </span>
     <span class='ocr_line' id='line_1_32' title="bbox 330 2836 2014 2914; baseline 0.001 -22"><span class='ocrx_word' id='word_1_236' title='bbox 330 2855 469 2908; x_wconf 87' lang='lat' dir='ltr'><strong>rem,</strong></span> <span class='ocrx_word' id='word_1_237' title='bbox 506 2836 759 2907; x_wconf 88' lang='lat' dir='ltr'><strong>odorem,</strong></span> <span class='ocrx_word' id='word_1_238' title='bbox 796 2855 1020 2905; x_wconf 90' lang='lat' dir='ltr'><strong>sonum,</strong></span> <span class='ocrx_word' id='word_1_239' title='bbox 1058 2856 1202 2913; x_wconf 88' lang='lat' dir='ltr'><strong>quae</strong></span> <span class='ocrx_word' id='word_1_240' title='bbox 1235 2856 1550 2913; x_wconf 91' lang='lat' dir='ltr'><strong>numquam</strong></span> <span class='ocrx_word' id='word_1_241' title='bbox 1585 2837 1838 2914; x_wconf 89' lang='lat' dir='ltr'><strong>quinque</strong></span> <span class='ocrx_word' id='word_1_242' title='bbox 1871 2856 2014 2894; x_wconf 90' lang='lat' dir='ltr'><strong>nun—</strong></span> 
     </span>
     <span class='ocr_line' id='line_1_33' title="bbox 330 2916 2014 2993; baseline -0.001 -20"><span class='ocrx_word' id='word_1_243' title='bbox 330 2916 435 2973; x_wconf 89' lang='lat' dir='ltr'><strong>ciis</strong></span> <span class='ocrx_word' id='word_1_244' title='bbox 461 2916 688 2974; x_wconf 87' lang='lat' dir='ltr'><strong>animus</strong></span> <span class='ocrx_word' id='word_1_245' title='bbox 708 2924 1096 2993; x_wconf 86' lang='lat' dir='ltr'><strong>cognosceret,</strong></span> <span class='ocrx_word' id='word_1_246' title='bbox 1121 2916 1234 2973; x_wconf 91' lang='lat' dir='ltr'><strong>nisi</strong></span> <span class='ocrx_word' id='word_1_247' title='bbox 1261 2916 1336 2973; x_wconf 87' lang='lat' dir='ltr'><strong>ad</strong></span> <span class='ocrx_word' id='word_1_248' title='bbox 1363 2936 1496 2973; x_wconf 90' lang='lat' dir='ltr'><strong>eum</strong></span> <span class='ocrx_word' id='word_1_249' title='bbox 1518 2916 1714 2973; x_wconf 91' lang='lat' dir='ltr'><strong>omnia</strong></span> <span class='ocrx_word' id='word_1_250' title='bbox 1739 2916 2014 2974; x_wconf 86' lang='lat' dir='ltr'><strong>referren-</strong></span> 
     </span>
     <span class='ocr_line' id='line_1_34' title="bbox 330 2995 2014 3074; baseline 0.001 -22"><span class='ocrx_word' id='word_1_251' title='bbox 330 3001 426 3054; x_wconf 87' lang='lat' dir='ltr'><strong>tur</strong></span> <span class='ocrx_word' id='word_1_252' title='bbox 458 3002 517 3053; x_wconf 90' lang='lat' dir='ltr'><strong>et</strong></span> <span class='ocrx_word' id='word_1_253' title='bbox 547 2996 597 3053; x_wconf 92' lang='lat' dir='ltr'><strong>is</strong></span> <span class='ocrx_word' id='word_1_254' title='bbox 632 2996 894 3053; x_wconf 89' lang='lat' dir='ltr'><strong>omnium</strong></span> <span class='ocrx_word' id='word_1_255' title='bbox 926 2996 1100 3053; x_wconf 85' lang='lat' dir='ltr'><strong>iudex</strong></span> <span class='ocrx_word' id='word_1_256' title='bbox 1135 2995 1288 3054; x_wconf 92' lang='lat' dir='ltr'><strong>solus</strong></span> <span class='ocrx_word' id='word_1_257' title='bbox 1320 3001 1483 3053; x_wconf 87' lang='lat' dir='ltr'><strong>esset.</strong></span> <span class='ocrx_word' id='word_1_258' title='bbox 1561 2996 1758 3074; x_wconf 90' lang='lat' dir='ltr'><strong>Atque</strong></span> <span class='ocrx_word' id='word_1_259' title='bbox 1787 3015 1854 3053; x_wconf 86' lang='lat' dir='ltr'><strong>ea</strong></span> <span class='ocrx_word' id='word_1_260' title='bbox 1884 3015 2014 3072; x_wconf 87' lang='lat' dir='ltr'><strong>pro-</strong></span> 
     </span>
     <span class='ocr_line' id='line_1_35' title="bbox 330 3074 2008 3153; baseline 0.001 -22"><span class='ocrx_word' id='word_1_261' title='bbox 330 3074 487 3133; x_wconf 86' lang='lat' dir='ltr'><strong>fecto</strong></span> <span class='ocrx_word' id='word_1_262' title='bbox 529 3083 657 3133; x_wconf 85' lang='lat' dir='ltr'><strong>tum</strong></span> <span class='ocrx_word' id='word_1_263' title='bbox 710 3076 894 3133; x_wconf 89' lang='lat' dir='ltr'><strong>multo</strong></span> <span class='ocrx_word' id='word_1_264' title='bbox 937 3076 1170 3153; x_wconf 88' lang='lat' dir='ltr'><strong>puriora</strong></span> <span class='ocrx_word' id='word_1_265' title='bbox 1209 3082 1269 3133; x_wconf 89' lang='lat' dir='ltr'><strong>et</strong></span> <span class='ocrx_word' id='word_1_266' title='bbox 1309 3075 1650 3133; x_wconf 88' lang='lat' dir='ltr'><strong>dilucidiora</strong></span> <span class='ocrx_word' id='word_1_267' title='bbox 1691 3082 2008 3145; x_wconf 86' lang='lat' dir='ltr'><strong>cernentur,</strong></span> 
     </span>
     <span class='ocr_line' id='line_1_36' title="bbox 329 3154 2012 3233; baseline 0 -22"><span class='ocrx_word' id='word_1_268' title='bbox 329 3166 462 3211; x_wconf 87' lang='lat' dir='ltr'><strong>cum</strong></span> <span class='ocrx_word' id='word_1_269' title='bbox 493 3174 608 3233; x_wconf 92' lang='lat' dir='ltr'><strong>quo</strong></span> <span class='ocrx_word' id='word_1_270' title='bbox 650 3162 853 3213; x_wconf 88' lang='lat' dir='ltr'><strong>natura</strong></span> <span class='ocrx_word' id='word_1_271' title='bbox 893 3157 1009 3213; x_wconf 88' lang='lat' dir='ltr'><strong>fert</strong></span> <span class='ocrx_word' id='word_1_272' title='bbox 1049 3155 1193 3213; x_wconf 88' lang='lat' dir='ltr'><strong>liber</strong></span> <span class='ocrx_word' id='word_1_273' title='bbox 1231 3156 1460 3212; x_wconf 83' lang='lat' dir='ltr'><strong>animus</strong></span> <span class='ocrx_word' id='word_1_274' title='bbox 1492 3155 1828 3232; x_wconf 88' lang='lat' dir='ltr'><strong>pervenerit.</strong></span> <span class='ocrx_word' id='word_1_275' title='bbox 1914 3154 1988 3211; x_wconf 83' lang='lat'><strong>47</strong></span> <span class='ocrx_word' id='word_1_276' title='bbox 1995 3191 2012 3217; x_wconf 47' lang='lat'><strong><em>⁴</em></strong></span> 
     </span>
    </p>
   </div>
   <div class='ocr_carea' id='block_1_6' title="bbox 331 3234 2012 3362">
    <p class='ocr_par' dir='ltr' id='par_1_7' title="bbox 331 3234 2012 3362">
     <span class='ocr_line' id='line_1_37' title="bbox 331 3234 2012 3362; baseline 0.001 -70"><span class='ocrx_word' id='word_1_277' title='bbox 331 3234 482 3293; x_wconf 91' lang='lat' dir='ltr'><strong>Nam</strong></span> <span class='ocrx_word' id='word_1_278' title='bbox 525 3254 679 3293; x_wconf 88' lang='lat' dir='ltr'><strong>nunc</strong></span> <span class='ocrx_word' id='word_1_279' title='bbox 722 3236 973 3313; x_wconf 85' lang='lat' dir='ltr'><strong>quidem,</strong></span> <span class='ocrx_word' id='word_1_280' title='bbox 1005 3255 1354 3362; x_wconf 38' lang='lat' dir='ltr'><strong>quanzquam</strong></span> <span class='ocrx_word' id='word_1_281' title='bbox 1397 3235 1683 3293; x_wconf 85' lang='lat' dir='ltr'><strong>foramina</strong></span> <span class='ocrx_word' id='word_1_282' title='bbox 1722 3234 1834 3306; x_wconf 86' lang='lat' dir='ltr'><strong>illa,</strong></span> <span class='ocrx_word' id='word_1_283' title='bbox 1869 3254 2012 3313; x_wconf 85' lang='lat' dir='ltr'><strong>quae</strong></span> 
     </span>
    </p>
   </div>
  </div>
 </body>
</html>
