2235 3581
769 188 905 240 Lm.
946 188 1074 251 111„
1105 189 1263 239 cAP.
1298 189 1528 240 1v.-VI.
1941 192 2005 238 83

314 290 544 348 insania
579 290 894 367 eademque
937 290 1244 362 dementia,
1276 290 1577 368 multoque
1618 291 1823 348 melius
1866 291 2005 348 haec

313 377 514 428 notata
548 377 683 427 sunt
715 371 903 427 verbis
945 370 1167 428 Lat-inis
1202 389 1374 448 quam
1408 370 1657 443 Graecis,
1690 371 1848 448 quod
1880 370 2007 428 aliis

315 471 544 529 quoque
577 451 777 508 multis
810 451 953 508 locis
986 451 1316 528 reperietur.
1402 450 1519 508 Sed
1546 451 1609 508 id
1636 451 1808 508 alias:
1852 470 2006 509 nunc

315 531 472 609 quod
499 532 692 590 instat.
776 536 867 588 11.
905 530 1122 588 Totum
1157 531 1337 608 igitur
1368 531 1447 602 id,
1474 531 1631 609 quod
1661 532 2002 609 quaerimuS,

314 612 456 688 quid
489 618 547 669 et
582 610 748 704 quale
785 611 860 668 sit
888 611 1047 669 verbi
1077 611 1164 668 vis
1196 611 1323 689 ipsa
1355 611 1619 670 declarat.
1704 611 1823 669 Eos
1851 612 2005 669 enim

313 711 482 748 sanos
516 692 790 769 quoniam
836 691 1096 769 intellegi
1141 711 1370 749 necesse
1415 699 1518 762 est,
1557 711 1801 768 quorum
1844 712 2008 750 mens

312 779 478 829 motu
513 773 675 850 quasi
707 771 914 829 morbo
956 771 1291 850 perturbata
1332 771 1491 829 nullo
1524 772 1629 829 sit:
1675 772 1774 849 qui
1808 780 2009 830 contra

313 852 529 910 adfecti
551 854 684 924 sint,
708 851 816 910 hos
838 852 1070 909 insanos
1093 851 1369 929 appellari
1391 871 1619 910 necesse
1640 860 1742 910 est.
1803 851 2007 930 Itaque

312 932 458 990 nihil
490 933 697 990 melius
726 952 898 1010 quam
936 933 1097 1009 quod
1134 939 1221 990 est
1252 933 1313 989 in
1347 933 1764 990 consuetudine
1799 953 2009 990 sermo-

311 1013 405 1069 nis
446 1012 657 1081 Latini,
686 1032 818 1070 cum
853 1013 1022 1070 exisse
1056 1031 1122 1069 ex
1153 1019 1431 1085 potestate
1470 1011 1717 1070 dicimus
1759 1033 1873 1084 eOS,
1908 1014 2007 1090 qui

313 1093 576 1150 effrenati
605 1094 872 1151 feruntur
903 1099 1004 1186 aut
1039 1091 1281 1149 libidine
1310 1099 1412 1150 aut
1440 1092 1767 1151 iracundia:
1813 1113 2008 1186 quam-

311 1253 513 1310 finitur
538 1253 846 1326 iracundia,
866 1253 1181 1312 ulciscendi
1212 1252 1409 1310 libido.
1483 1252 1598 1322 Qui
1625 1254 1805 1346 igitur
1826 1254 2007 1312 exisse

313 1353 383 1390 ex
411 1341 696 1411 potestate
724 1334 1011 1404 dicuntur,
1034 1333 1249 1390 idcirco
1280 1332 1567 1405 dicuntur,
1590 1334 1724 1411 quia
1751 1352 1869 1391 non
1892 1335 2008 1392 sint

313 1414 374 1470 in
403 1421 688 1491 potestate
717 1415 943 1486 mentis,
966 1414 1057 1472 cui
1080 1433 1323 1491 regnum
1346 1414 1529 1474 totius
1548 1414 1727 1471 animi
1748 1433 1783 1470 a
1804 1421 2007 1472 natura

311 1495 595 1552 tributum
631 1502 732 1553 est.
809 1494 1013 1553 Graeci
1047 1502 1241 1552 autem
1274 1499 1489 1570 μανίαν
1526 1494 1677 1551 unde
1716 1494 2007 1571 appellent

311 1593 432 1632 non
459 1575 630 1633 facile
657 1575 937 1633 dixerim:
982 1594 1108 1632 eam
1144 1582 1339 1631 tamen
1373 1575 1559 1667 ipsam
1595 1574 2007 1651 distinguimus

313 1675 421 1713 nos
464 1656 668 1713 melius
715 1675 888 1732 quam
932 1655 1030 1713 illi.
1117 1655 1287 1712 Hanc
1326 1655 1481 1712 enim
1529 1654 1826 1726 insaniam,
1860 1674 2006 1732 quae

313 1735 510 1794 iuncta
555 1736 802 1795 stultitia
844 1743 1008 1814 patet
1055 1735 1244 1807 latiuS,
1282 1754 1317 1793 a
1359 1733 1555 1794 furore
1602 1734 2001 1814 disiungimuS.

313 1816 517 1874 Graeci
552 1817 755 1874 volunt
787 1817 872 1875 illi
907 1816 1160 1895 quidem,
1198 1816 1299 1874 sed
1332 1836 1535 1895 parum
1570 1816 1761 1875 valent
1795 1817 2003 1875 verbo:

315 1916 488 1974 quem
530 1917 636 1954 nos
673 1898 948 1969 furorem,
979 1901 1380 1974 μελαγχολίαν
1412 1896 1497 1953 illi
1530 1904 1753 1955 vocant.
1829 1897 2007 1966 Quasi

313 1996 447 2034 vero
477 1986 600 2035 atra
626 1978 730 2035 bili
759 1978 945 2035 solum
973 1996 1138 2035 mens
1166 1996 1231 2034 ac
1260 1996 1378 2035 non
1408 1997 1577 2055 saepe
1598 1977 1687 2035 vel
1710 1978 2006 2036 iracundia

313 2058 574 2134 graviore
596 2058 685 2115 vel
713 2058 921 2116 timore
939 2058 1027 2116 vel
1057 2058 1255 2115 dolore
1284 2064 1615 2115 moveatur:
1654 2077 1769 2135 quo
1796 2078 2004 2135 genere

313 2137 747 2209 Athamantem,
772 2137 1483 2210 Alcmaeonem,·Aiacem‚
1516 2137 1780 2196 Orestem
1815 2140 2006 2197 furere

315 2217 577 2275 dicimus.
651 2218 766 2287 Qui
811 2219 894 2276 ita
934 2220 1011 2278 sit
1047 2219 1327 2290 adfectuS,
1361 2238 1492 2275 eum
1537 2217 1840 2276 dominum
1884 2239 2005 2276 csse

313 2316 504 2355 rerum
534 2318 763 2356 suarum
786 2306 983 2357 vetant
1011 2299 1317 2357 duodecim
1346 2298 1589 2356 tabulae.
1663 2298 1865 2375 Itaque
1888 2318 2004 2356 non

316 2385 403 2435 est
447 2379 742 2456 scriptum,
786 2398 841 2436 SI
891 2398 1170 2450 mmmm,
1212 2378 1313 2436 sed
1362 2397 1417 2435 SI
1468 2397 1762 2436 neruosus
1815 2398 2001 2437 Escrr.

317 2457 638 2516 Stultitiam
672 2460 826 2517 enim
861 2466 1207 2517 censuerunt
1249 2459 1587 2531 constantia,
1625 2459 1687 2515 id
1720 2466 1823 2531 est,
1861 2460 2008 2517 sani-

314 2545 452 2610 tate,
477 2546 790 2611 vacantem,
815 2560 984 2618 posse
1004 2546 1199 2597 tamen
1228 2540 1376 2597 tueri
1406 2539 1863 2597 mediocritatem
1887 2539 2007 2597 offi-

317 2619 536 2677 ciorum
566 2626 624 2676 et
651 2620 802 2677 vitae
835 2639 1202 2677 communem
1238 2620 1458 2677 cultum
1494 2627 1666 2697 atque
1697 2620 2003 2678 usitatum:

316 2699 571 2756 furorem
601 2707 793 2758 autem
823 2720 944 2758 esse
971 2701 1081 2757 rati
1110 2706 1245 2757 sunt
1272 2699 1483 2756 mentis
1506 2700 1581 2757 ad
1609 2701 1805 2758 omnia
1833 2701 2007 2758 caeci-

315 2785 513 2837 tatem.
547 2791 553 2794 ·
586 2780 757 2849 Quod
780 2799 912 2837 cum
938 2781 1127 2837 maius
1148 2799 1269 2837 esse
1290 2779 1554 2837 videatur
1574 2799 1747 2857 quam
1765 2781 2003 2851 insania,

315 2866 511 2916 tamen
545 2860 668 2917 eius
707 2860 869 2917 modi
904 2867 1006 2931 est,
1037 2867 1104 2917 ut
1145 2860 1310 2917 furor
1348 2859 1411 2915 in
1453 2860 1771 2937 sapientem
1806 2860 2007 2917 cadere

317 2939 518 3016 possit,
554 2959 672 2997 non
713 2940 899 3017 possit
940 2940 1176 2997 insania.
1264 2938 1379 2996 Sed
1420 2939 1561 2997 haec
1602 2939 1713 2997 alia
1747 2940 2005 3017 quaestio

317 3025 438 3076 est.
482 3039 588 3076 nos
616 3020 691 3077 ad
717 3020 1081 3098 propositum
1110 3027 1475 3077 revertamur.

400 3099 504 3158 VI.
594 3105 684 3158 12.
723 3099 957 3171 Cadere,
990 3100 1216 3177 opinor,
1248 3100 1309 3155 in
1344 3099 1664 3175 sapientem
1698 3098 2008 3175 aegritudi-

317 3198 450 3237 nem
479 3180 588 3237 tibi
617 3180 815 3237 dixisti
843 3180 1039 3237 videri.

393 3258 472 3317 A.
510 3260 586 3317 Et
608 3280 740 3317 vero
769 3261 852 3317 ita
879 3260 1164 3318 existimo,
