2235 3581
5 233 14 262 Ὗ
6 93 19 226 -1--

713 164 847 212 LIB.
892 164 1014 223 111„
1049 163 1205 212 CAP.
1246 163 1581 212 xv.-XV11.
1957 165 2023 212 93

332 276 452 333 tam
485 267 771 324 obtundat
793 266 1088 343 elevetque
1109 265 1530 342 aegritudinem
1550 285 1723 343 quam
1746 272 2025 343 perpetua

330 349 390 404 in
427 348 587 404 omni
621 347 740 404 vita
775 347 1051 424 cogitatio
1082 347 1227 403 nihil
1262 366 1399 418 esse,
1422 347 1581 424 quod
1614 365 1732 403 non
1766 347 2022 405 accidere

329 429 530 506 possit,
565 447 736 504 quam
778 427 1080 484 meditatio
1116 427 1475 484 condicionis
1516 427 1815 498 humanae,
1850 446 2022 504 quam

331 510 482 566 vitae
509 507 602 565 lex
631 507 1159 584 commentatioque
1186 507 1443 584 parendi,
1468 526 1611 584 quae
1641 527 1756 564 non
1787 507 1899 564 hoc
1927 507 2024 564 ad-

329 589 464 660 fert,
483 596 552 646 ut
571 607 1187 665 sempwmnereamxm,
1210 587 1311 644 sed
1332 594 1397 644 ut
1417 607 1751 664 numquam.
1817 587 2023 665 Neque

328 670 485 726 enim
517 669 617 745 qui
657 687 844 725 rerum
891 674 1172 737 naturam,
1205 668 1306 744 qui
1347 668 1497 726 vitae
1539 668 1888 739 varietatem,
1923 669 2021 744 qui

329 749 785 816 imbecillitatem
827 748 1052 823 generis
1086 747 1325 806 humani
1358 748 1593 824 cogitat,
1625 755 1857 818 maeret,
1889 767 2021 805 cum

329 829 470 886 haec
499 829 734 906 cogitat,
761 829 860 886 sed
884 836 1010 885 tum
1031 827 1121 886 vel
1150 828 1399 885 maxime
1422 829 1735 905 sapientiae
1755 828 2024 905 fungitur

329 929 580 966 munere.
653 908 986 985 Utrumque
1009 909 1163 966 enim
1182 909 1567 986 consequitur,
1592 915 1659 966 ut
1679 914 1739 966 et
1766 909 2023 965 conside-

329 989 524 1046 randis
556 989 726 1046 rebus
763 988 1032 1045 humanis
1076 989 1311 1066 proprio
1352 988 1755 1066 philosophiae
1796 990 2024 1046 fruatur

331 1069 522 1126 officio
556 1076 615 1126 et
647 1069 899 1126 adversis
933 1067 1158 1126 casibus
1190 1069 1405 1145 triplici
1439 1069 1831 1126 consolatione
1866 1087 2023 1126 sanc-

328 1157 458 1206 tur:
493 1150 745 1226 primum
777 1149 934 1226 quod
961 1167 1131 1226 posse
1154 1150 1408 1206 accidere
1438 1150 1536 1206 diu
1560 1149 1854 1226 cogitavit,
1876 1168 2023 1226 quae

329 1230 608 1306 cogitatio
643 1249 758 1287 una
787 1229 1038 1286 maxime
1079 1229 1373 1286 molestias
1416 1249 1615 1288 omnes
1658 1236 1930 1286 extenuat
1964 1235 2023 1286 et

329 1309 517 1380 diluit,
539 1309 748 1367 deinde
783 1308 941 1386 quod
969 1309 1222 1366 humana
1254 1308 1505 1368 humane
1533 1310 1772 1366 ferenda
1804 1309 2050 1366 intelle--

329 1391 433 1466 git,
455 1397 748 1467 postremo
769 1389 925 1467 quod
949 1389 1105 1447 'videt
1134 1389 1350 1446 malum
1378 1389 1603 1447 nullum
1625 1409 1745 1446 esse
1775 1389 1885 1445 nisi
1908 1388 2023 1446 cul-

330 1489 482 1546 pam,
520 1471 748 1546 culpam
787 1478 980 1526 autom
1028 1470 1244 1526 nullam
1284 1489 1421 1540 esse,
1461 1489 1591 1527 cum
1634 1469 1713 1540 id,
1747 1468 1904 1546 quod
1948 1469 2020 1526 ab

329 1551 564 1607 homine
603 1569 722 1607 non
757 1551 1013 1627 potuerit
1047 1551 1339 1626 praestari,
1372 1550 1639 1607 evenerit.
1730 1556 1821 1606 35.
1868 1548 2020 1606 Nam

328 1631 616 1687 revocatio
640 1630 752 1701 illa,
775 1649 948 1706 quam
969 1630 1175 1699 adfert,
1198 1649 1328 1687 cum
1352 1649 1387 1687 a
1408 1630 1749 1687 contuendis
1778 1648 1885 1686 nos
1906 1649 2021 1686 ma-

331 1711 401 1766 lis
429 1719 647 1781 avocat,
667 1711 826 1767 nulla
853 1719 954 1768 eit.
1040 1709 1098 1768 N
1101 1729 1178 1766 on
1212 1717 1298 1768 est
1332 1711 1487 1767 enim
1506 1711 1582 1767 ·in
1610 1718 1808 1767 nostra
1833 1717 2021 1786 potes-

330 1798 448 1849 tate
470 1790 863 1849 fodicantibus
891 1792 962 1847 iis
983 1792 1169 1861 rebuS,
1192 1811 1332 1868 quas
1354 1790 1531 1849 malas
1554 1810 1674 1849 esse
1698 1792 2017 1869 opinemur,

328 1872 712 1929 dissimulatio
742 1871 830 1929 vel
860 1872 1091 1929 oblivio,
1180 1871 1471 1944 Lacerant,
1496 1879 1722 1943 vexant,
1755 1872 2021 1930 stimulos

327 1952 656 2023 admovent,
677 1953 842 2029 ignes
870 1952 1165 2022 adhibent,
1190 1953 1467 2029 respirare
1496 1972 1615 2010 non
1645 1953 1857 2010 sinunt.
1943 1952 2022 2009 Et

327 2039 395 2089 tu
418 2031 678 2089 oblivisci
709 2032 889 2102 iubeS,
911 2032 1068 2109 quod
1090 2040 1291 2089 contra
1318 2041 1581 2089 naturam
1610 2040 1713 2104 est,
1741 2036 1840 2110 qui
1864 2033 2019 2109 quod

329 2131 364 2167 a
403 2119 610 2169 natura
649 2112 850 2169 datum
885 2122 972 2169 est
1014 2112 1291 2169 auxilium
1336 2121 1674 2191 extorqueas
1716 2113 2019 2170 inveterati

329 2192 578 2249 doloris?
659 2193 765 2249 Est
798 2194 953 2250 enim
987 2194 1154 2250 tarda
1185 2194 1283 2251 illa
1316 2194 1548 2270 quidem
1586 2194 1887 2264 medicina,
1920 2192 2021 2249 sed

328 2279 524 2330 tamen
552 2292 778 2349 magna,
798 2292 969 2350 quam
999 2273 1190 2331 adfert
1219 2274 1611 2350 longinquitas
1634 2280 1691 2331 et
1713 2273 1850 2331 dies,
1929 2272 2019 2329 Iu-

330 2352 430 2409 bes
450 2372 544 2409 me
565 2353 718 2410 bona
739 2354 1008 2430 cogitare,
1029 2354 1291 2411 oblivisci
1311 2354 1611 2411 malorum.
1670 2353 1905 2411 Diceres
1924 2352 2021 2410 ali-

330 2433 473 2510 quid
491 2440 548 2490 et
569 2452 782 2510 magno
801 2434 1035 2511 quidem
1060 2433 1409 2511 philosopho
1432 2434 1693 2510 dignum,
1715 2434 1763 2489 si
1781 2452 1847 2489 ea
1871 2433 2021 2489 bona

329 2532 452 2569 esse
481 2515 735 2584 sentireS,
763 2534 906 2591 quae
936 2521 1125 2571 essent
1154 2515 1391 2572 homine
1420 2514 1775 2591 dignissima.

413 2593 612 2651 XVII.
699 2600 792 2651 36.
838 2594 1203 2671 Pythagoras
1244 2595 1389 2651 mihi
1432 2596 1478 2652 si
1523 2595 1737 2652 diceret
1778 2601 1877 2651 aut
1921 2593 2020 2651 So-

327 2680 512 2730 crates
545 2680 645 2731 aut
679 2674 879 2731 Plato:
927 2675 1136 2744 “Quid
1169 2675 1319 2732 iaces
1352 2682 1453 2733 aut
1496 2675 1636 2752 quid
1669 2694 1889 2733 maeres
1922 2682 2021 2731 aut

328 2773 432 2810 cur
459 2754 784 2811 succumbis
813 2755 1083 2832 cedisque
1110 2756 1417 2813 fortunae?
1454 2775 1597 2832 quae
1626 2755 1933 2832 pervellere
1961 2763 2019 2812 te

327 2834 574 2890 forsitan
607 2837 862 2911 potuerit
897 2844 954 2892 ct
989 2854 1261 2911 pungere,
1298 2855 1417 2892 non
1461 2837 1653 2912 potuit
1687 2843 1839 2893 certe
1874 2836 2019 2893 vires

327 2914 611 2991 frangere.
697 2911 910 2993 Magna
929 2916 1016 2971 vis
1045 2922 1133 2972 est
1160 2916 1220 2971 in
1244 2916 1580 2974 virtutibus:
1626 2935 1720 2973 eas
1748 2916 1949 2985 excita,
1970 2915 2019 2971 si

329 2994 484 3051 forte
513 2994 824 3052 dormiunt.
913 2994 1036 3051 Iam
1066 2994 1175 3052 tibi
1206 2996 1389 3053 aderit
1417 2997 1684 3072 princeps
1712 2995 2015 3063 fortitudO,

331 3094 476 3150 quae
509 3082 568 3132 te
597 3075 790 3132 animo
825 3081 989 3133 tanto
1025 3096 1147 3133 esse
1180 3082 1365 3153 coget,
1388 3084 1452 3133 ut
1487 3077 1697 3144 omnia,
1720 3093 1863 3151 quae
1892 3094 2019 3151 pos-

309 3154 448 3223 ·sint
481 3156 707 3212 homini
742 3156 983 3227 evenire,
1015 3162 1351 3213 contemnas
1385 3163 1444 3213 et
1477 3175 1581 3232 pro
1617 3154 1799 3211 nihilo
1833 3160 2015 3230 putes.

331 3234 540 3293 Aderit
568 3236 964 3314 temperantia,
991 3256 1135 3315 quae
1165 3243 1250 3294 est
1280 3236 1475 3293 eaden]
1508 3234 1845 3303 moderati0‚
1866 3252 1900 3289 a
1927 3250 2019 3290 me
