2235 3581
654 180 795 232 LIB.
834 181 903 242 1.,
936 180 1091 231 CAP.
1125 179 1375 242 xxxv„
1408 179 1664 230 XXXVI.
1941 181 2007 230 37

317 281 455 361 quia
485 289 728 360 possunt
760 282 1018 340 evenire:
1064 281 1165 341 sed
1206 281 1472 339 homines
1505 300 1572 338 ea
1606 280 1716 338 sibi
1751 279 2008 340 accidere

316 382 485 440 posse
507 381 627 419 non
648 362 923 440 cogitant.
1008 358 1235 420 Metelli
1264 368 1455 438 sperat
1483 361 1594 420 sibi
1623 361 1865 439 quisque
1892 361 2008 419 for-

316 452 536 514 tunam,
567 442 811 519 proinde
841 442 1001 519 quasi
1030 449 1131 499 aut
1157 442 1348 519 plures
1375 442 1659 500 fortunati
1689 441 1806 498 sint
1835 461 2004 519 quam

316 522 595 595 infelices,
620 529 721 579 aut
762 523 901 580 certi
945 521 1262 599 quidquam
1305 522 1382 578 sit
1422 521 1482 579 in
1526 522 1696 580 rebus
1737 521 2005 580 humanis

317 609 419 662 aut
446 621 672 679 sperare
702 603 777 659 sit
809 602 1151 679 prudentius
1181 621 1353 679 quam
1382 603 1601 660 timere.

400 682 493 740 87.
538 681 655 740 Sed
696 681 810 739 hoo
852 682 1043 758 ipsum
1086 682 1448 753 concedatur,
1485 682 1653 740 bonis
1693 681 1863 740 rebus
1903 682 2006 740 ho-

316 763 503 822 mines
530 768 719 819 morte
746 762 990 838 privari:
1034 781 1172 838 ergo
1208 763 1382 820 etiam
1417 781 1605 820 carere
1638 769 1898 820 mortuos
1927 763 2005 819 vi-

316 851 410 901 tae
432 841 755 900 commodis
782 841 955 919 idque
977 861 1099 900 esse
1121 843 1434 900 miserum?
1507 841 1678 900 Certe
1705 842 1788 899 ita
1809 842 2005 900 dicant

316 942 545 981 neeesse
587 929 690 980 est.
766 921 863 979 An
905 928 1099 999 potest
1140 922 1206 993 ie,
1244 923 1343 999 qui
1384 941 1503 979 non
1537 929 1640 994 est,
1676 941 1736 979 re
1769 922 1886 980 ulla
1919 941 2006 979 ca-

316 1004 475 1061 rere?
548 1002 737 1060 Triste
778 1002 931 1059 enim
974 1015 1063 1059 est
1103 1021 1316 1060 nomen
1357 1003 1548 1079 ipsum
1591 1003 1837 1074 carendi,
1871 1002 2006 1080 quia

318 1082 619 1140 subiicitur
645 1082 785 1140 haec
806 1083 927 1139 vis:
970 1082 1191 1153 habuit,
1222 1102 1338 1139 non
1369 1082 1558 1154 habet,
1591 1083 1891 1152 desiderat,
1923 1102 2005 1139 ro-

320 1163 512 1240 quirit,
544 1162 783 1239 indiget.
868 1162 1046 1234 Haec,
1084 1163 1308 1240 opinor,
1345 1163 1716 1220 incommoda
1741 1170 1884 1220 sunt
1917 1181 2005 1220 ca-

318 1243 510 1300 rentia
589 1242 761 1300 Caret
783 1242 978 1314 oculiS,
1000 1243 1203 1300 odiosa
1222 1243 1496 1300 caecitas:
1542 1243 1751 1314 liberis,
1769 1242 1999 1300 orbitas.

318 1322 492 1382 Valet
519 1323 630 1381 hoc
662 1322 722 1379 in
753 1322 915 1393 viviS,
946 1330 1304 1381 mortuorum
1341 1329 1535 1380 autem
1568 1342 1684 1379 non
1718 1322 1896 1379 modo
1926 1323 2004 1380 vi-

318 1409 411 1460 tae
454 1402 790 1473 commodiS,
828 1403 928 1460 sed
969 1421 1042 1460 ne
1082 1403 1203 1460 vita
1245 1403 1478 1479 quidem
1533 1403 1660 1479 ipsa
1701 1403 2002 1478 quisquam

319 1488 487 1540 earet.
571 1482 665 1540 De
691 1483 937 1540 mortuis
964 1482 1186 1560 loquor,
1213 1483 1312 1560 qui
1339 1482 1480 1539 nulli
1503 1488 1652 1539 sunt.
1738 1481 1878 1552 Nos,
1905 1483 2003 1558 qui

320 1581 532 1633 sumus-1,
557 1581 699 1619 num
726 1569 827 1620 aut
848 1561 1117 1620 cornibus
1140 1581 1396 1620 caremus
1425 1568 1524 1628 aut
1544 1561 1776 1638 pinnis?
1809 1561 2004 1638 ecquis

319 1642 383 1700 id
417 1641 661 1700 dixerit?
736 1641 907 1700 Certe
939 1661 1128 1703 nemo.
1207 1642 1367 1710 Quid·
1394 1642 1512 1700 ita?
1579 1641 1744 1712 Quia,
1775 1660 1904 1698 011111
1941 1641 2004 1699 id

319 1741 438 1779 non
466 1722 677 1780 habeas
706 1721 863 1800 quod
892 1722 1001 1780 tibi
1028 1741 1134 1780 nee
1167 1743 1275 1780 usu
1308 1741 1412 1780 nee
1445 1729 1650 1779 natura
1677 1722 1753 1780 sit
1781 1727 2000 1799 aptum,

319 1822 437 1861 non
460 1822 665 1874 careaS,
692 1803 867 1861 etiam
897 1804 947 1860 si
969 1804 1180 1861 sentias
1201 1810 1260 1861 te
1280 1823 1398 1861 non
1421 1802 1644 1861 habere.
1733 1809 1824 1861 88.
1871 1802 2003 1860 Hoc

318 1883 696 1959 premendum
727 1883 903 1941 etiam
931 1889 1103 1961 atque
1133 1884 1306 1941 etiam
1335 1891 1421 1941 est
1441 1890 1841 1961 argumentum
1873 1902 2007 1941 con-

318 1962 546 2021 firmato
574 1963 692 2035 illo,
724 1963 795 2021 de
826 1982 957 2041 que,
989 1964 1038 2021 si
1064 1964 1335 2021 mortales
1362 1964 1541 2044 animi
1570 1969 1719 2035 sunt,
1739 1962 2004 2021 dubitare

318 2062 437 2101 non
465 2062 787 2121 possumne,
821 2044 961 2120 quin
988 2049 1184 2101 tantus
1217 2044 1482 2101 interitus
1511 2044 1571 2100 in
1599 2051 1786 2101 morte
1816 2043 1907 2114 sit,
1938 2050 2006 2100 ut

318 2142 391 2181 ne
420 2124 663 2181 minima
691 2123 927 2202 quidem
961 2124 1210 2201 suspicio
1240 2143 1437 2181 sensus
1464 2123 1849 2200 relinquatur:
1891 2123 2004 2179 hoc

317 2204 498 2281 igitur
530 2204 711 2281 probe
746 2204 1001 2261 stabilito
1036 2211 1095 2261 et
1128 2204 1243 2261 fixo
1275 2203 1421 2261 illud
1459 2202 1863 2261 excutiendum
1898 2210 2002 2274 est,

318 2290 387 2341 ut
420 2284 632 2343 sciatur
661 2284 803 2361 quid
836 2284 911 2341 sit
944 2303 1150 2355 carere,
1180 2302 1254 2341 ne
1288 2283 1640 2360 relinquatur
1671 2282 1891 2359 aliquid
1923 2302 2006 2339 er-

318 2364 465 2421 roris
507 2364 566 2421 in
610 2363 801 2422 verbo,
879 2364 1085 2422 Carere
1131 2364 1320 2440 igitur.
1348 2362 1460 2419 hoc
1503 2361 1802 2438 signifieat,
1839 2380 2004 2438 egere

318 2462 407 2514 e0‚
439 2444 597 2521 quod
624 2443 834 2501 habere
862 2444 1019 2501 velis.
1104 2444 1263 2501 Inest
1295 2443 1452 2501 enim
1479 2442 1622 2500 velle
1649 2442 1710 2499 in
1741 2441 2002 2513 carendO,

317 2522 433 2581 nisi
465 2543 597 2582 cum
632 2524 713 2581 sie
746 2531 1045 2601 tamquam
1086 2524 1148 2580 in
1182 2523 1332 2581 febri
1367 2523 1579 2581 dicitur
1611 2522 1722 2579 alia
1757 2522 2004 2599 quadam

318 2604 557 2662 notione
578 2604 752 2662 verbi.
836 2604 1070 2663 Dicitur
1091 2605 1243 2661 enim
1267 2603 1380 2661 alio
1401 2603 1579 2660 modo
1602 2603 1773 2661 etiam
1799 2621 2002 2674 carere,

319 2702 451 2741 eum
493 2684 713 2762 aliquid
754 2703 871 2741 non
914 2683 1126 2741 habeas
1168 2690 1226 2741 et
1267 2703 1383 2740 non
1425 2682 1633 2741 habere
1674 2690 1734 2741 te
1775 2683 2002 2753 sentias,

318 2764 493 2822 etiam
528 2765 577 2821 si
610 2764 673 2822 id
705 2764 875 2822 facile
908 2764 1144 2840 patiare.
1233 2758 1451 2840 [Malo]
1495 2782 1682 2821 carere
1725 2764 1785 2820 in
1818 2769 2005 2819 morte

318 2863 439 2901 non
461 2844 701 2902 dicitur:
745 2862 850 2901 nec
873 2844 1027 2901 enim
1050 2850 1200 2901 esset
1222 2842 1531 2901 dolendum
1554 2861 1566 2901 ε
1612 2841 2002 2913 diciturillud,

318 2922 473 2981 bono
502 2943 706 2996 carere,
732 2923 889 3001 quod
910 2930 998 2981 est
1024 2923 1257 2981 malum.
1344 2923 1459 2981 Sed
1486 2942 1558 2981 ne
1582 2924 1742 2980 vivus
1772 2921 2006 2999 quidem

322 3002 477 3061 bono
520 3010 689 3075 caret,
722 3004 769 3061 si
803 3023 872 3061 00
910 3022 1030 3061 non
1067 3003 1310 3081 indiget,
1342 3002 1443 3059 sed
1479 3003 1540 3059 in
1579 3003 1710 3060 vivo
1748 3000 2006 3077 intellegi

318 3089 511 3141 tamen
541 3090 734 3160 potest
766 3102 945 3160 regno
979 3090 1038 3141 te
1072 3100 1295 3141 carere:
1340 3083 1458 3147 dici
1483 3090 1675 3140 autem
1709 3080 1819 3137 1100
1851 3080 1914 3137 in
1946 3087 2006 3136 te

318 3163 455 3220 satis
490 3164 777 3221 subtiliter
808 3182 927 3220 non
961 3169 1172 3239 potest,
1198 3170 1396 3239 posset
1429 3163 1489 3219 in
1518 3160 1847 3238 TarquiniO,
1873 3178 2005 3216 eum

318 3261 496 3318 regno
530 3249 679 3301 esset
706 3242 1009 3319 expulsus:
1054 3249 1114 3300 at
1142 3244 1203 3368 i4n
1233 3248 1464 3300 mortuo
1499 3260 1570 3298 ne
1599 3238 1856 3316 intellegi
1885 3238 2006 3317 qui-
