2235 3581
626 165 768 216 LIB.
808 167 929 229 IV.,
961 167 1119 216 CAP.
1153 166 1602 218 XXVL-XXIX.
1868 172 1960 219 137

267 266 376 324 imi
403 265 730 344 placatione
763 267 1163 326 abluatur-illa
1190 268 1443 345 quidem,
1462 288 1593 326 cum
1624 267 1830 326 doceas
1857 289 1965 327 nec

269 347 492 406 bonum
526 347 670 404 illud
705 367 843 420 esse,
867 368 938 406 ex
973 367 1088 426 quo
1124 348 1483 408 laetitiaaut·
1510 349 1693 407 libido
1730 351 1962 421 oriatur,

269 447 376 484 nec
397 426 632 498 malum,
654 447 724 485 ex
747 447 861 504 quo
891 435 991 485 aut
1019 436 1211 486 metus
1238 436 1339 487 aut
1366 429 1682 506 aegritudo,
1743 430 1961 488 Verum

270 514 470 566 tamen
503 507 642 565 haec
685 517 773 564 est
814 515 970 566 certa
1009 517 1069 566 et
1109 509 1345 586 propria
1392 510 1631 580 sanatio,
1668 511 1716 566 si
1758 511 1967 568 doceas

271 588 426 664 ipsas
458 587 920 665 perturbationes
953 607 1058 665 per
1089 609 1150 646 se
1185 608 1305 646 esse
1340 589 1574 646 vitiosas
1615 609 1719 647 333
1754 590 1965 647 habere

273 667 590 744 quidquam
611 675 713 725 aut
741 668 996 726 naturale
1025 676 1127 727 aut
1153 669 1551 741 necessarium,
1578 677 1643 727 ut
1670 671 1855 747 ipsam
1876 690 1966 726 ae-

271 749 625 823 gritudinem
660 748 826 805 leniri
854 749 1135 821 videmuS,
1160 769 1290 806 cum
1326 749 1633 807 obiicimus
1666 751 1967 807 maerenti-

277 828 380 884 bus
412 827 867 894 imbecillitatem
903 829 1082 886 animi
1122 829 1442 888 effeminati
1483 849 1728 907 cumque
1764 849 1960 887 eorum

271 908 614 984 gravitatem
657 910 1157 986 constantiamque
1197 909 1513 980 laudamuS,
1546 912 1647 987 qui
1688 931 1801 968 non
1848 919 1965 968 tur-

271 987 506 1045 bulente
540 988 792 1046 humana
827 989 1139 1066 patiantur.
1209 989 1382 1058 Quod
1415 990 1653 1068 quidem
1694 991 1839 1048 solet
1881 992 1965 1049 eis

273 1067 449 1124 etiam
479 1069 750 1139 accidere,
777 1070 877 1146 qui
905 1069 1004 1127 illa
1023 1069 1176 1128 mala
1204 1089 1324 1128 esse
1352 1077 1602 1143 censent,
1622 1071 1863 1128 ferenda
1880 1079 1964 1128 ta-

270 1167 406 1204 men
450 1168 633 1226 aequo
675 1150 870 1207 animo
913 1150 1277 1208 arbitrantur.
1364 1150 1543 1208 Putat
1592 1151 1799 1229 aliquis
1840 1171 1963 1209 esse

271 1228 629 1305 voluptatem
666 1229 902 1301 bonum,
928 1231 1072 1288 alius
1104 1238 1299 1288 autem
1329 1232 1648 1308 pecuniam,
1678 1241 1874 1290 tamen
1904 1240 1964 1289 et
1989 1254 1997 1261 ·

270 1307 366 1366 ille
389 1309 462 1366 ab
484 1309 929 1386 intemperantia
956 1319 1014 1369 et
1037 1311 1131 1368 hic
1152 1311 1225 1368 ab
1244 1312 1483 1368 avaritia
1504 1312 1727 1368 avocari
1750 1319 1958 1388 potest„

271 1387 380 1446 1113
413 1398 605 1446 autem
640 1391 818 1448 altera
847 1392 998 1448 ratio
1033 1399 1092 1448 et
1130 1393 1332 1462 oratiO,
1365 1411 1510 1468 quae
1544 1391 1714 1448 simul
1751 1399 1809 1448 et
1842 1393 1964 1468 opi-

269 1469 507 1526 nionem
536 1469 739 1526 falsam
769 1470 924 1528 tollit
955 1478 1013 1528 et
1041 1472 1463 1549 aegritudinem
1493 1471 1759 1542 detrahit,
1781 1480 1867 1528 est
1896 1491 1965 1529 ea

271 1549 507 1626 quidem
539 1549 820 1621 subtilior,
853 1551 954 1608 sed
987 1571 1112 1608 raro
1148 1551 1378 1628 proficit
1411 1571 1599 1628 neque
1628 1559 1714 1609 est
1743 1553 1817 1608 ad
1846 1552 1963 1608 vul-

269 1649 382 1706 gus
423 1629 764 1688 adhibenda„
853 1636 946 1688 61.
985 1630 1282 1699 Quaedam
1316 1638 1509 1688 autem
1553 1639 1687 1689 sunt
1720 1633 1963 1709 aegritu-

270 1709 454 1779 (11333,
480 1728 620 1786 quas
652 1710 838 1768 levare
879 1711 978 1768 illa
1016 1712 1305 1770 medicina
1345 1711 1503 1769 nullo
1546 1713 1722 1770 modo
1758 1714 1958 1789 possit,

269 1798 354 1861 ut,
387 1790 435 1847 si
469 1790 598 1867 quis
631 1810 799 1869 aegre
831 1792 982 1849 ferat
1014 1792 1159 1849 nihil
1193 1794 1253 1850 in
1288 1813 1347 1850 se
1380 1813 1503 1851 esse
1536 1794 1781 1865 virtutiS,
1812 1793 1960 1851 nihil

269 1870 469 1941 animi,
513 1870 659 1928 nihil
709 1871 900 1944 officii,
947 1872 1090 1929 nihil
1146 1873 1480 1944 honestati8‚
1526 1868 1762 1950 propter
1810 1875 1965 1931 mala

268 1950 320 2007 is
351 1951 586 2028 quidem
615 1960 875 2029 angatur,
901 1953 1002 2009 sed
1035 1952 1145 2010 alia
1174 1953 1454 2030 quaedam
1484 1955 1559 2011 sit
1592 1954 1666 2011 ad
1700 1974 1829 2011 31113
1866 1955 1962 2011 3(1-

267 2030 561 2089 movenda
599 2032 818 2089 curatio
861 2040 920 2089 et
960 2032 1092 2089 talis
1134 2033 1386 2110 quidem,
1426 2053 1569 2111 quae
1612 2036 1797 2111 possit
1838 2054 1961 2092 esse

271 2112 536 2169 omnium
578 2112 754 2170 etiam
796 2112 868 2169 de
902 2113 1105 2170 ceteris
1146 2113 1315 2171 rebus
1353 2114 1801 2191 discrepantium
1836 2114 1962 2191 phi-

269 2191 664 2268 losophorum.
749 2192 910 2250 Inter
951 2212 1153 2250 omnes
1194 2194 1349 2251 enim
1384 2194 1686 2251 convenire
1730 2202 1962 2270 oportet

271 2272 696 2329 commotiones
724 2273 1049 2330 animorum
1083 2293 1117 2329 a
1145 2281 1301 2330 recta
1332 2274 1553 2331 ratione
1583 2292 1806 2331 aversas
1838 2294 1961 2331 esse

269 2352 524 2423 vitiosas
558 2358 622 2409 ut
655 2353 828 2410 etiam
865 2353 914 2411 si
948 2372 1053 2411 333
1085 2353 1239 2412 mala
1272 2354 1387 2410 sint
1420 2354 1532 2423 illa,
1560 2373 1703 2430 quac
1737 2360 1959 2410 metum

269 2432 798 2507 aegritudinemve,
819 2452 926 2490 nee
972 2433 1139 2503 bona,
1186 2453 1329 2510 quae
1378 2433 1751 2510 cupiditatem
1802 2434 1959 2491 laeti-

269 2512 487 2569 tiamve
527 2520 814 2584 moveant,
850 2521 1044 2570 tamen
1089 2514 1164 2570 sit
1197 2514 1405 2571 vitiosa
1453 2515 1580 2590 ipsa
1624 2516 1956 2572 commotiO.

270 2591 652 2649 Constantem
687 2593 842 2650 enim
877 2594 1186 2671 quemdam
1214 2593 1495 2665 volumuS,
1527 2594 1806 2667 sedatum,
1838 2614 1961 2671 gra-

270 2691 422 2742 vem,
449 2671 718 2729 'humana
757 2675 956 2730 omnia
997 2680 1359 2750 spernentem
1403 2673 1567 2731 illum
1613 2695 1751 2746 esse,
1788 2694 1959 2752 quem

269 2752 706 2828 magnanimum
738 2761 796 2810 et
818 2753 1028 2810 fortem
1054 2754 1242 2811 virum
1264 2753 1525 2811 dicimus,
1589 2754 1745 2812 Talis
1767 2762 1959 2813 antem

269 2850 379 2888 333
423 2851 681 2890 maerens
726 2852 830 2889 nec
875 2834 1086 2890 timens
1133 2853 1237 2890 nec
1282 2834 1519 2911 cupiens
1559 2854 1665 2893 nec
1710 2836 1963 2912 gestiens

270 2930 394 2968 esse
429 2912 734 2989 quisquam
767 2919 977 2989 potest.
1063 2914 1281 2970 Eorum
1316 2912 1471 2971 enim
1504 2914 1645 2972 haec
1679 2922 1829 2985 sunt,
1862 2910 1993 2991 qui‘

269 2998 510 3048 eventus
543 2992 830 3049 humanos
863 2992 1184 3070 superiores
1212 3012 1384 3070 quam
1418 3013 1551 3051 suos
1584 2996 1807 3051 animos
1840 3012 1962 3051 esse

269 3071 489 3129 dicunt.

352 3151 584 3209 XXIX.
673 3158 764 3209 62.
803 3151 932 3220 Qua
967 3172 1028 3209 re
1071 3154 1335 3209 omnium
1369 3150 1865 3229 philosophorum,
1896 3158 1963 3207 ut

268 3238 409 3289 ante
438 3231 577 3301 dixi,
602 3251 718 3288 una
743 3232 892 3289 ratio
921 3238 1008 3288 est
1035 3231 1324 3300 medendi,
1342 3237 1409 3286 ut
1437 3229 1581 3285 nihil
1604 3228 1769 3303 quale
1798 3231 1873 3285 sit
1900 3230 1962 3284 il-⁴
