2235 3581
247 149 344 198 180
471 145 1062 198 TUSCULANARUM
1107 145 1271 197 DISP
1278 144 1709 199 UTATIONUM

326 249 619 308 XXXIII.
707 256 799 308 93.
838 249 1034 321 Vides,
1065 248 1255 320 crede,
1285 256 1352 306 ut
1389 248 1671 325 Epicurus
1712 249 1933 325 cupidi-

245 340 429 390 tatum
465 349 676 408 genera
707 329 979 399 diviserit,
1003 349 1123 386 non
1151 329 1324 384 nimis
1352 328 1594 385 fortasse
1628 327 1930 400 subtiliter,

246 411 464 470 utilit-er
503 418 714 480 tamen,
746 409 953 486 partim
998 427 1121 466 esse
1152 408 1438 466 naturales
1480 414 1539 465 et
1570 409 1930 479 necessariaS,

245 491 456 569 partim
481 489 766 548 naturales
793 498 851 548 et
873 508 986 546 non
1011 488 1369 558 necessarias,
1391 488 1601 564 partim
1631 495 1930 546 neutrum:

246 571 588 629 necessarias
620 569 810 627 satiari
839 589 1006 646 posse
1034 587 1216 646 paene
1250 567 1465 625 nihilo:
1511 568 1743 625 divitias
1776 569 1931 625 enim

247 659 481 709 naturae
516 670 635 708 esse
665 648 960 727 parabileS,
985 649 1300 706 secundum
1336 655 1527 706 autem
1561 667 1744 725 genus
1777 650 1934 726 cupi-

245 733 494 791 ditatum
533 750 638 788 nec
679 730 753 787 ad
786 730 1129 807 potiendum
1164 728 1394 786 difficile
1436 747 1557 785 esse
1600 736 1794 786 censet
1826 748 1933 786 nec

245 832 380 870 vero
410 812 483 869 ad
511 811 853 869 carendum:
898 810 1109 880 ter‘tiaS,
1138 809 1293 886 quod
1322 815 1511 866 essent
1538 809 1706 885 plane
1735 810 1933 867 inanes

246 911 430 969 neque
473 891 869 948 necessitatem
910 890 1105 960 mode,
1138 889 1240 946 sed
1280 907 1353 946 ne
1394 897 1656 946 naturam
1698 889 1929 966 quidem

246 974 613 1048 attingerent,
656 970 922 1027 funditus
976 969 1284 1027 eiiciendas
1330 969 1574 1047 putavit.
1661 974 1754 1027 94.
1799 969 1932 1027 Hoc

246 1052 372 1109 loco
415 1050 598 1108 multa
639 1050 711 1108 ab
745 1050 1043 1127 Epicureis
1081 1051 1449 1126 disputantur
1490 1069 1703 1128 eaeque
1736 1050 1934 1126 volup-

246 1139 393 1189 tates
422 1131 756 1208 singillatim
791 1137 1199 1188 extenuantur:
1245 1149 1485 1207 quarum
1520 1149 1731 1208 genera
1760 1124 1929 1207 [non]

245 1219 642 1283 contemnunt,
675 1218 956 1288 quaerunt
987 1217 1182 1267 tamen
1219 1211 1463 1287 copiam.
1550 1210 1698 1267 Nam
1744 1219 1803 1267 et
1836 1210 1935 1266 ob-

246 1312 442 1350 scenas
473 1292 814 1368 voluptateS,
845 1291 918 1348 de
953 1290 1161 1367 quibus
1200 1291 1387 1347 multa
1426 1290 1499 1346 ab
1536 1290 1650 1347 illis
1691 1290 1934 1347 habetur

247 1373 448 1445 orati0,
469 1372 682 1443 facileS,
704 1390 1054 1441 communeS,
1079 1371 1139 1426 in
1170 1370 1363 1428 medio
1392 1371 1530 1427 sitas
1563 1390 1683 1427 esse
1712 1371 1931 1441 dieunt,

247 1473 452 1530 easque
482 1453 530 1509 si
551 1459 756 1509 natura
775 1451 1041 1528 requirat,
1065 1469 1185 1508 non
1212 1470 1421 1528 genere
1449 1457 1549 1507 aut
1570 1449 1698 1508 loco
1727 1459 1827 1508 aut
1849 1469 1935 1506 or-

247 1534 400 1605 dine,
432 1533 534 1590 sed
565 1533 771 1602 forma,
802 1539 1004 1602 aetate,
1034 1530 1220 1607 figura
1250 1530 1587 1588 metiendas
1605 1536 1830 1607 putant,
1860 1530 1933 1587 ab

245 1615 428 1690 iisque
458 1613 742 1670 abstinere
770 1612 1010 1669 minime
1039 1631 1161 1668 esse
1188 1610 1435 1682 difficile,
1461 1610 1509 1668 si
1536 1618 1637 1668 aut
1664 1610 1933 1668 valet-udo

245 1701 346 1751 aut
369 1692 622 1752 officium
651 1699 750 1750 aut
769 1693 928 1749 fama
949 1691 1218 1769 postulet,
1241 1691 1591 1769 omninoque
1619 1709 1803 1768 genus
1824 1690 1935 1748 hoc

247 1773 608 1853 voluptatum
633 1772 886 1850 optabile
913 1792 1052 1844 esse,
1073 1773 1122 1829 si
1145 1792 1260 1829 non
1284 1771 1453 1843 obsit,
1474 1771 1744 1850 prodesse
1772 1792 1937 1829 num-

248 1875 435 1932 quam.
523 1860 616 1912 95.
653 1852 982 1931 Totumque
1004 1853 1114 1911 hoe
1138 1853 1211 1910 de
1232 1853 1529 1929 voluptate
1558 1853 1639 1909 sie
1661 1853 1935 1929 ille-prae-

247 1936 406 2012 cipit,
433 1942 496 1992 ut
526 1934 880 2011 voluptatem
915 1934 1100 2010 ipsam
1137 1952 1239 2009 per
1271 1952 1347 2003 se,
1374 1933 1509 2009 quia
1540 1932 1806 2009 voluptas
1838 1934 1931 2003 sit,

247 2035 473 2093 semper
506 2014 819 2091 optandam
851 2008 953 2090 [et]
990 2013 1371 2090 expetendam
1404 2019 1589 2090 putet,
1622 2012 1935 2089 eademque

247 2097 467 2153 ratione
501 2095 758 2152 dolorem
795 2093 871 2151 ob
905 2094 967 2150 id
995 2094 1204 2170 ipsum,
1231 2093 1365 2169 quia
1392 2093 1560 2150 dolor
1592 2093 1684 2164 sit,
1710 2111 1937 2169 semper

247 2196 367 2233 esse
401 2175 779 2253 fugiendum:
823 2176 1018 2252 itaque
1052 2173 1160 2231 hac
1191 2192 1431 2230 usurum
1465 2173 1935 2251 compensatione

248 2257 585 2334 sapientem,
623 2263 690 2313 ut
729 2262 789 2314 et
821 2254 1179 2332 voluptatem
1213 2254 1421 2330 fugiat,
1458 2254 1509 2309 si
1550 2272 1619 2310 ea
1658 2254 1935 2327 maiprem

247 2337 502 2395 dolorem
540 2337 814 2394 effectura
845 2335 936 2406 sit,
969 2342 1027 2392 et
1059 2334 1319 2391 dolorem
1355 2333 1631 2410 suscipiat
1658 2334 1933 2392 maiorem

247 2417 584 2475 efficientem
641 2416 1016 2493 voluptatem,
1064 2415 1373 2491 omniaque
1426 2413 1694 2484 iucunda,
1742 2434 1937 2491 quam-

249 2494 418 2574 quam
466 2516 634 2554 sensu
666 2496 922 2573 corporis
959 2494 1299 2565 iudicentur,
1332 2495 1406 2552 ad
1439 2494 1695 2551 animum
1735 2494 1937 2551 referri

248 2586 474 2634 tamen:
521 2582 614 2633 96.
662 2576 927 2653 quocirca
967 2594 1177 2651 eorpus
1209 2575 1458 2651 gaudere
1490 2581 1609 2633 tam
1645 2574 1763 2645 diu,
1794 2573 1936 2630 dum

247 2664 601 2735 praesentem
638 2656 875 2713 sentiret
903 2655 1278 2733 voluptatem,
1303 2656 1560 2713 animum
1593 2661 1651 2712 et
1678 2672 1938 2731 praesen-

247 2744 364 2794 tem
402 2737 690 2815 percipere
724 2736 937 2811 pariter
969 2754 1101 2793 cum
1136 2755 1375 2812 corpore
1410 2742 1469 2792 et
1496 2736 1819 2812 prospicere
1848 2754 1940 2791 ve-

247 2817 502 2875 nientem
554 2836 658 2873 nec
707 2816 1072 2893 praeteritam
1131 2814 1528 2892 praeterfluere
1584 2816 1805 2872 sineret·
1856 2814 1941 2871 ita

246 2904 553 2975 perpetuas
597 2903 656 2953 et
696 2903 994 2953 contextas
1037 2896 1363 2972 voluptates
1408 2896 1468 2951 in
1512 2895 1769 2972 sapiente
1811 2895 1939 2953 fore

249 2996 488 3053 semper,
509 2996 639 3034 cum
671 2976 1022 3052 exspectatio
1051 2982 1407 3052 speratarum
1429 2975 1793 3052 voluptatum
1816 2994 1940 3051 per·

249 3063 542 3132 ceptarum
573 3055 852 3113 memoria
879 3056 1226 3133 iungeretur.

329 3136 621 3194 XXXIV.
709 3136 800 3193 97.
838 3135 1036 3213 Atque
1056 3135 1151 3192 his
1179 3135 1389 3192 similia
1416 3135 1488 3192 ad
1513 3136 1729 3192 victum
1762 3135 1937 3192 etiam

250 3216 687 3284 transferuntur,
712 3223 1164 3291 extenuaturque
1198 3215 1628 3287 magnificentia
1660 3222 1718 3272 et
1746 3235 1939 3287 sump-
