2235 3581
757 137 900 187 ΜΒ.
934 136 1002 197 1.,
1032 134 1191 186 OA-P.
1223 133 1562 184 xum-xvi.
1945 141 2008 185 17

319 238 541 316 aliquid
571 237 727 315 quod
760 238 836 296 ad
867 257 965 295 eos
998 237 1302 314 pertineat,
1329 237 1429 317 qui
1451 237 1570 296 vita
1596 238 1884 311 cesserint,
1907 259 2008 297 no-

316 319 409 377 bis
432 338 661 396 quoque
682 318 838 375 idem
866 317 1314 376 existimandum
1343 325 1429 376 est
1456 325 1514 376 et
1542 319 1606 390 si,
1635 338 1879 396 quorum
1907 327 2008 377 aut

317 401 554 492 ingenio
588 406 688 456 aut
716 399 927 456 virtute
965 399 1193 455 animus
1227 397 1464 468 excellit,
1503 418 1601 456 eos
1643 398 2002 470 arbitramur,

320 481 455 558 quia
496 485 701 536 natura
745 479 969 554 optima
1009 478 1142 549 sint,
1168 497 1394 535 cernere
1432 485 1664 536 naturae
1699 479 1817 535 vim
1851 499 2005 537 max-

316 560 449 631 ime,
486 560 606 617 veri
646 557 831 615 simile
865 564 967 630 est,
1000 578 1130 615 cum
1175 558 1432 634 optimus
1474 559 1713 650 quisque
1755 561 2004 618 maxime

316 640 641 717 posteritati
670 639 893 710 serviat,
919 658 1040 696 esse
1069 637 1304 715 aliquid,
1331 639 1491 696 cuius
1518 639 1567 695 is
1594 645 1729 716 post
1755 647 2001 698 mortem

318 739 545 778 sensum
576 720 652 776 sit
679 719 991 777 habiturus,

395 799 562 858 XVI.
650 805 743 856 36.
790 798 905 856 Sed
960 807 1025 857 ut
1080 798 1221 856 deos
1277 817 1398 856 esse
1452 804 1654 856 natura
1699 799 2004 876 opinamur

316 881 623 957 qualesque
672 880 789 936 sint
831 879 1053 936 ratione
1098 879 1516 956 cognoscimUS,
1547 879 1628 936 sic
1669 899 2001 956 permanere

314 961 539 1017 animos
567 959 911 1017 arbitramur
935 979 1218 1016 consensu
1251 959 1554 1016 nationum
1585 960 1862 1031 omnium,
1889 980 2004 1036 qua

314 1041 375 1096 in
418 1040 551 1098 sede
594 1046 867 1097 maneant
900 1037 1206 1116 qualesque
1252 1039 1368 1096 sint
1407 1040 1628 1098 ratione
1664 1039 1999 1097 discendum

314 1126 415 1178 est.
462 1119 674 1192 .Cuius
727 1121 1015 1196 ignoratio
1070 1120 1238 1176 finxit
1286 1119 1504 1177 inferos
1549 1139 1754 1196 easque
1803 1120 2002 1177 formi-

314 1199 495 1272 dineS,
522 1219 661 1277 quas
705 1207 770 1258 tu
804 1207 1171 1258 contemnere
1205 1220 1321 1257 non
1357 1200 1478 1257 sine
1513 1219 1682 1256 causa
1715 1199 1995 1257 videbare.

314 1279 384 1336 In
418 1286 627 1338 terram
662 1281 817 1338 enim
852 1279 1190 1337 cadentibus
1223 1280 1559 1358 corporibus
1601 1280 1784 1357 iisque
1817 1279 1998 1337 humo

230 1366 243 1374 ’
312 1359 498 1432 tectiS,
524 1379 555 1417 e
586 1380 700 1437 quo
736 1361 955 1417 dictum
989 1367 1077 1417 est
1109 1360 1352 1432 humari,
1374 1360 1478 1417 sub
1508 1367 1660 1417 terra
1692 1360 2000 1418 censebant

313 1441 590 1517 reliquam
615 1441 791 1498 vitam
814 1441 907 1516 agi
928 1447 1307 1498 mortuorum.
1381 1439 1568 1509 Quam
1591 1460 1792 1498 eorum
1817 1440 1999 1518 opini-

314 1538 485 1577 onem
527 1521 723 1597 magni
765 1539 979 1577 errores
1024 1520 1316 1577 consecuti
1359 1528 1509 1592 sunt,
1543 1539 1686 1597 quos
1719 1527 1999 1578 auxerunt

310 1607 537 1676 poetae.
626 1600 718 1658 37.
765 1599 1054 1676 Frequens
1110 1601 1264 1658 enim
1320 1619 1618 1658 consessus
1671 1599 1896 1669 theatri,
1935 1601 1995 1656 in

313 1699 428 1756 quo
458 1687 593 1737 sunt
624 1679 989 1739 mulierculae
1018 1687 1076 1738 et
1109 1681 1289 1758 pueri,
1314 1687 1580 1738 movetur
1607 1680 1842 1738 audiens
1875 1687 1995 1738 tam

310 1761 527 1837 grande
556 1779 811 1819 carmen:

342 1888 541 1937 Adsum
566 1898 715 1953 atque
738 1890 949 1939 advenio
967 1891 1253 1939 Acherunte
1271 1892 1356 1939 vix
1373 1891 1453 1939 via
1475 1892 1578 1939 alta
1600 1901 1750 1954 atque
1773 1890 1930 1940 ardua

341 1955 443 2003 Per
466 1956 723 2017 speluncas
744 1956 879 2003 saxis
904 1966 1117 2005 structas
1141 1958 1343 2019 asperi3‚
1367 1958 1714 2019 pendentibuS,

341 2020 615 2083 Maxumis‚
639 2022 724 2070 ubi
746 2022 908 2083 rigida
930 2031 1126 2071 constat
1148 2038 1314 2071 crassa
1335 2022 1496 2083 caligo
1520 2023 1750 2081 inferum,

309 2163 652 2235 tantumque
680 2157 861 2215 valuit
889 2177 1058 2230 error,
1085 2157 1185 2235 qui
1218 2158 1365 2215 mihi
1400 2157 1634 2234 quidem
1666 2158 1782 2214 iam
1813 2157 1940 2214 subl
1955 2180 1996 2215 1-

310 2246 404 2294 tus
431 2237 673 2306 videtur,
698 2244 780 2307 ut,
806 2257 1047 2315 corpora
1086 2245 1336 2295 cremata
1376 2257 1506 2294 cum
1551 2238 1776 2307 scirent,
1800 2244 1994 2295 tamen
2065 2248 2070 2253 ’

310 2336 379 2373 ea
402 2316 525 2373 fieri
558 2318 713 2395 apud
747 2318 962 2375 inferos
995 2318 1293 2393 fingerent,
1327 2337 1471 2394 quae
1505 2318 1625 2374 sine
1661 2318 1995 2393 corporibus

309 2416 415 2453 nec
442 2396 564 2454 fieri
597 2405 834 2475 possent
868 2416 973 2455 nec
998 2398 1272 2475 intellegi.
1345 2397 1594 2454 Animos
1622 2398 1775 2455 enim
1805 2416 1906 2475 per
1935 2418 1994 2456 se

309 2477 466 2553 ipsos
486 2478 743 2535 viventes
765 2498 881 2535 non
900 2484 1169 2555 poterant
1188 2483 1381 2536 mente
1403 2477 1726 2555 complecti,
1743 2478 1992 2536 formam

308 2557 559 2633 aliquam
588 2557 946 2635 figuramque
976 2558 1338 2635 quaerebant.
1426 2557 1568 2615 Inde
1597 2558 1841 2616 Homeri
1868 2566 1996 2617 tota

312 2642 510 2707 rescvc'a,
534 2637 671 2695 inde
705 2656 787 2709 ea,
820 2657 963 2714 quae
995 2657 1160 2695 meus
1192 2638 1408 2695 amicus
1436 2638 1666 2715 Appius
1703 2648 1996 2715 νεκύομαν-

308 2725 427 2772 reta
468 2717 734 2789 faciebat,
766 2718 901 2775 inde
958 2718 1020 2775 in
1062 2717 1273 2774 vicinia
1324 2725 1523 2775 nostra
1559 2719 1777 2775 Averni
1819 2720 1989 2791 lacuS,

308 2798 463 2853 unde
496 2798 720 2854 animae
763 2798 1085 2855 excitantur
1129 2797 1421 2855 “obscura
1451 2798 1654 2855 umbra
1695 2807 1895 2877 aperto
1923 2820 1994 2857 ex

308 2877 459 2933 ostio
515 2878 661 2935 altae
709 2877 1075 2948 AcheruntiS,
1129 2877 1276 2935 salso
1333 2879 1662 2955 sanguine,''
1713 2881 1995 2957 imagines

306 2963 684 3013 mortuorum.
771 2956 895 3013 Has
954 2964 1151 3014 tamen
1211 2958 1490 3035 imagines
1558 2958 1718 3035 loqui
1771 2960 1989 3031 volunt,

310 3034 469 3112 quod
500 3036 623 3093 fieri
656 3056 762 3094 nec
797 3038 918 3094 sine
952 3036 1150 3113 lingua
1187 3057 1291 3095 nec
1335 3038 1456 3095 sine
1488 3039 1682 3115 palato
1724 3058 1828 3097 nec
1871 3040 1992 3097 sine

307 3115 581 3187 faucium,
606 3116 865 3187 laterum,
886 3117 1230 3193 pulmonum
1252 3118 1310 3174 vi
1333 3125 1390 3175 et
1411 3117 1593 3194 figura
1613 3125 1819 3194 potest.
1892 3118 1966 3175 N
1951 3140 1992 3175 1

306 3194 392 3252 hil
421 3197 575 3255 enim
606 3196 800 3253 animo
822 3161 1015 3254 videre
1048 3204 1333 3273 poterant,
1358 3198 1431 3254 ad
1460 3198 1656 3255 oculos
1685 3198 1880 3257 omnia
1912 3219 1993 3257 re-
