2235 3581
667 176 808 229 LIB.
848 177 918 241 1.,
949 177 1105 228 OAP.
1138 173 1580 226 nrum-XLI.
1906 175 1965 226 41

281 281 372 338 vir
392 279 577 338 clarus
603 279 894 336 emoritur.
979 277 1094 346 Qui
1124 297 1257 335 cum
1284 277 1579 334 coniectus
1606 276 1668 333 in
1690 295 1971 334 carcerem

279 361 526 439 triginta
551 360 709 417 iussu
737 365 1112 436 tyrannorum
1137 376 1417 414 venenum
1446 364 1514 414 ut
1534 357 1734 414 sitiens
1755 356 1971 414 obdux-

282 443 438 514 isset,
475 439 758 516 reliquum
801 439 883 495 sic
917 458 948 496 e
980 437 1191 514 poculo
1234 437 1417 508 eiecit,
1454 445 1521 495 ut
1559 437 1622 494 id
1663 444 1969 508 resonaret,

285 539 400 599 quo
444 521 636 578 sonitu
679 517 906 576 reddito
949 517 1249 575 adridens:
1298 517 1575 590 Propin0‚
1620 517 1825 594 inquit,
1871 517 1973 573 Ῐιοο

285 601 536 675 pulchro
558 595 790 670 Critiae,
804 598 984 674 quiin
1003 617 1135 654 eum
1158 596 1350 654 fuerat
1368 597 1744 654 taeterrimus,
1802 596 1973 654 Grae-

284 682 338 738 ci
379 681 534 738 enim
576 679 638 736 in
679 678 958 736 conviviis
999 677 1185 735 solent
1226 677 1523 734 nominare
1564 677 1657 734 cui
1697 676 1971 753 poculum

283 761 554 818 tradituri
596 759 726 816 sint.
804 757 968 815 Lusit
1009 758 1097 814 vir
1138 757 1403 834 egregius
1445 763 1701 814 extremo
1744 757 1967 833 spiritu,

283 859 418 898 cum
449 841 568 898 iam
601 839 948 916 praecordiis
977 844 1316 914 conceptam
1351 844 1597 894 mortem
1633 837 1968 907 contineret,

283 939 527 998 vereque
569 921 638 989 ei,
675 919 780 996 cui·
810 935 1092 975 venenum
1135 916 1513 994 praebiberat,
1552 923 1801 974 mortem
1844 935 1970 973 eam

285 1007 373 1057 est
416 1006 741 1076 auguratuS,
774 1018 919 1075 quae
963 998 1123 1056 brevi
1168 1004 1475 1055 consecuta
1508 1003 1608 1054 est.
1697 997 1789 1054 97.
1828 996 1971 1065 Quis

283 1080 434 1138 hanc
476 1079 715 1136 maximi
759 1079 938 1136 animi
973 1078 1335 1156 aequitatem
1373 1078 1433 1135 in
1472 1077 1491 1134 i
1538 1097 1599 1134 sa
1637 1083 1823 1134 morte
1856 1077 1972 1134 lau-

285 1160 465 1229 daret,
501 1159 548 1216 si
580 1165 828 1217 mortem
861 1158 1076 1216 malum
1120 1158 1430 1216 iudicaret?
1564 1157 1687 1214 adit
1720 1157 1875 1214 enim
1909 1158 1970 1214 in

286 1239 555 1297 eumdem
583 1258 863 1296 carcerem
897 1245 1070 1316 atque
1103 1240 1165 1296 in
1194 1238 1461 1296 eumdem
1491 1238 1689 1314 paucis
1715 1244 1849 1314 post
1877 1255 1972 1294 an-

284 1320 378 1376 nis
421 1318 702 1396 scyphum
745 1319 1024 1390 SocrateS‚
1049 1319 1254 1376 eodem
1311 1318 1518 1376 scelere
1560 1318 1819 1376 iudicum
1855 1334 1970 1393 quo

283 1407 662 1476 tyrannorum
694 1398 1092 1457 Theramene-S.
1171 1398 1329 1467 Quae
1364 1407 1450 1456 est
1484 1398 1663 1476 igitur
1696 1398 1817 1454 eius
1852 1415 1973 1454 ora-

285 1480 388 1550 tio,
431 1498 546 1556 qua
590 1479 732 1536 facit
775 1498 908 1536 eum
951 1479 1121 1537 Plato
1170 1497 1335 1536 usum
1388 1478 1542 1554 apud
1589 1477 1807 1535 iudices
1853 1477 1969 1533 iam

284 1565 474 1617 morte
505 1558 852 1617 multatum?

365 1637 521 1696 XLI.
570 1639 603 1666 ‘⁴
623 1639 836 1715 Magna
873 1637 1002 1694 me’'
1048 1637 1241 1714 inquit
1286 1637 1321 1664 ‘⁴
1340 1655 1469 1714 spes
1510 1642 1685 1707 tenet,
1732 1636 1966 1707 iudiceS,

284 1719 431 1777 bene
477 1719 624 1777 mihi
671 1719 912 1789 evenire,
945 1717 1103 1795 quod
1148 1717 1347 1774 mittar
1392 1716 1466 1773 ad
1508 1723 1772 1774 mortem.
1859 1716 1971 1774 Ne—

283 1820 440 1857 cesse
469 1806 556 1857 est
589 1800 744 1857 enim
778 1800 853 1856 sit
885 1799 1127 1856 alterum
1164 1799 1235 1855 dc
1270 1798 1513 1868 duobuS‚
1544 1804 1611 1855 ut
1644 1805 1743 1855 aut
1772 1817 1970 1855 sensus

285 1881 524 1937 omnino
553 1898 756 1937 omnes
780 1898 938 1936 mors
969 1877 1195 1936 auferat
1228 1885 1327 1935 aut
1359 1878 1421 1935 in
1455 1879 1630 1935 alium
1662 1879 1967 1955 quemdam

283 1961 476 2018 locum
511 1979 580 2017 ex
613 1960 704 2016 his
747 1960 890 2016 locis
923 1966 1108 2016 morte
1142 1959 1435 2035 migretur.
1513 1957 1704 2027 Quam
1739 1958 1815 2014 ob
1846 1978 1969 2015 rem

285 2042 404 2097 sive
447 2050 646 2098 sensus
687 2039 1074 2115 exstinguitur
1115 2056 1385 2115 morsque
1430 2038 1483 2096 ei
1528 2056 1732 2094 somno
1768 2038 1969 2095 similis

285 2128 388 2191 est,
424 2120 524 2197 qui
561 2139 679 2176 non
717 2138 1033 2196 numquam
1075 2120 1252 2177 etiam
1286 2119 1406 2176 sine
1440 2118 1577 2175 visis
1614 2119 1968 2175 somniorum

281 2200 726 2277 placatissimam
757 2200 1009 2277 quietem
1041 2199 1245 2269 adfert,
1272 2198 1333 2255 di
1362 2198 1517 2268 boni,
1544 2198 1684 2274 quid
1713 2198 1853 2254 lucri
1884 2205 1970 2255 est

285 2280 498 2337 emori!
542 2286 642 2337 aut
662 2298 836 2358 quam
863 2279 1033 2337 multi
1056 2279 1179 2337 dies
1199 2278 1433 2355 reperiri
1463 2284 1724 2355 possunt,
1748 2278 1970 2353 quitali

283 2360 445 2417 nocti
473 2366 908 2437 anteponantur,
934 2360 1025 2417 cui
1061 2360 1110 2416 si
1144 2358 1348 2416 similis
1374 2356 1573 2415 futura
1594 2363 1679 2413 est
1706 2364 1971 2433 perpetu-

284 2441 396 2498 itas
430 2440 618 2498 omnis
656 2440 1056 2517 consequentis
1094 2439 1391 2515 temporiS,
1426 2438 1553 2515 quis
1586 2456 1680 2494 me
1715 2436 1971 2495 beatior?

287 2526 380 2579 98.
426 2520 529 2579 Sin
564 2540 696 2579 vera
737 2530 870 2577 sunt
905 2540 1048 2597 quae
1081 2520 1368 2589 dicuntur,
1404 2518 1814 2595 migrationem
1850 2537 1970 2576 esse

285 2609 535 2660 mortem
563 2602 624 2657 in
655 2620 748 2659 eas
777 2620 918 2671 oras,
945 2618 1086 2678 quas
1109 2600 1261 2677 quie
1284 2600 1403 2656 vita
1430 2606 1791 2657 excesserunt
1819 2599 1972 2656 inco-

286 2681 429 2753 lunt,
462 2680 523 2737 id
563 2682 748 2739 multo
790 2682 905 2738 iam
947 2681 1170 2739 beatius
1213 2686 1315 2737 est.
1400 2678 1573 2749 Tene,
1606 2696 1737 2736 cum
1780 2679 1851 2736 ab
1880 2679 1968 2747 iis,

287 2761 387 2838 qui
429 2781 488 2818 se
532 2759 805 2819 iudicum¹
837 2780 1074 2818 numero
1122 2759 1317 2817 haberi
1349 2760 1566 2828 volunt,
1604 2760 1860 2830 evaseriS‚
1898 2758 1972 2815 ad

285 2860 384 2898 eos
430 2841 637 2912 venire,
683 2842 781 2919 qui
827 2860 956 2898 vere
1011 2842 1231 2899 iudices
1272 2839 1649 2917 appellentur,
1696 2840 1968 2909 Minoem,

286 2920 813 2993 Rhadamanthum,
849 2921 1124 2992 Aeacum,
1161 2920 1602 2997 Triptolemum,
1648 2920 1973 2977 convenire-

287 3021 399 3079 que
428 3018 542 3072 eos,
569 3002 669 3079 qui
704 3002 852 3058 iuste
881 3008 940 3057 et
967 3020 1098 3057 cum
1126 3000 1241 3057 fide
1268 3000 1549 3058 vixerint!
1634 3000 1795 3057 Haec
1816 3017 1973 3077 pere-

284 3082 536 3159 grinatio
563 3081 869 3139 mediocris
889 3080 1054 3137 vobis
1074 3081 1255 3139 videri
1282 3082 1515 3158 potest?
1589 3079 1677 3137 Ut
1701 3098 1831 3136 vero
1860 3078 1972 3135 col-

285 3160 446 3239 loqui
474 3181 607 3218 cum
629 3160 883 3238 OrpheO,
906 3160 1160 3230 Musae0‚
1192 3162 1467 3232 Homer-0,
1493 3158 1757 3219 Hesiodo
1784 3158 1968 3228 liceat,

284 3242 492 3323 quan'ti
533 3240 771 3304 tandem
815 3241 1167 3302 aestimatis?
1248 3240 1535 3319 Equidem
1568 3258 1740 3315 saepe
1770 3238 1967 3309 emori,
