2235 3581
236 153 301 200 20
458 133 1051 202 TUSCULANARUM
1093 146 1695 198 msru'rA'rroNUM

237 259 325 309 est
356 253 615 309 ferantur
654 251 729 308 ad
763 251 982 308 caelum
1010 256 1069 307 et
1100 248 1174 307 ab
1206 249 1279 307 iis
1310 256 1714 328 perrumpatur
1746 257 1806 307 ct
1837 246 1927 308 di-'

236 332 465 388 vidatur
504 349 723 388 crassus
763 330 859 388 hic
900 337 959 387 et
999 336 1298 388 concretus
1339 337 1452 400 aer,
1487 331 1585 406 qui
1620 338 1706 388 est
1738 337 1920 388 terrae

237 411 547 488 proximus,
626 409 882 467 Calidior
936 416 1023 468 est
1056 410 1210 467 enim
1258 410 1346 466 vel
1388 411 1586 487 potius
1630 410 1920 468 ardentior

238 492 480 561 animm,
513 509 681 566 quam
715 496 801 547 est
834 489 929 546 hic
957 497 1085 561 aer,⁷
1105 509 1272 568 quem
1305 490 1482 546 modo
1516 490 1640 547 dixi
1669 509 1918 548 crassum

238 578 410 647 atque
439 576 803 627 concretum:
842 571 998 647 quod
1031 590 1100 627 ex
1135 590 1203 627 eo
1233 570 1363 627 sciri
1398 577 1606 648 potest,
1639 571 1774 646 quia
1801 590 1922 627 cor-

238 669 379 727 pora
406 657 603 707 nostra
628 658 853 707 terreno
874 651 1287 727 principiorum
1311 669 1518 726 genere
1546 650 1812 708 confecta
1838 670 1921 707 ar-

240 732 376 788 dore
406 730 584 787 animi
612 729 1024 788 concalescunt.
1776 761 1802 798 .‘

318 811 486 868 XIX.
573 817 666 868 43.
704 811 949 868 Accedit
988 817 1055 867 ut
1088 829 1158 868 eo
1191 810 1416 868 facilius
1458 811 1683 868 animus
1717 811 1920 868 evadat

240 911 308 948 ex
343 891 453 948 hoc
486 898 634 961 aere,
674 910 841 968 quem
878 910 1043 968 saepe
1081 891 1199 947 iam
1241 890 1483 966 appe110,
1522 910 1765 968 eumque
1799 910 1921 967 per-

239 977 489 1048 rumpat,
524 971 681 1048 quod
712 970 858 1027 nihil
891 979 978 1028 est
1010 971 1205 1027 animo
1234 971 1499 1041 velocius,
1531 971 1688 1028 nulla
1716 978 1803 1029 est
1835 990 1921 1028 ce-

240 1052 447 1120 leritaS‚
481 1070 623 1128 quae
652 1052 835 1128 possit
868 1070 999 1107 cum
1036 1050 1213 1108 animi
1242 1050 1528 1108 celeritate
1558 1052 1916 1110 contendere.

241 1131 355 1198 Qui
389 1132 436 1187 si
470 1138 765 1206 permanet
798 1133 1164 1208 incorruptus
1206 1131 1406 1206 suique
1441 1130 1656 1202 similis,
1693 1150 1920 1189 necesse

240 1218 328 1268 est
360 1211 443 1268 ita
473 1213 704 1282 feratur,
741 1218 808 1269 ut
848 1217 1108 1287 penetret
1151 1217 1208 1268 et
1241 1210 1464 1267 dividat
1497 1230 1667 1268 omne
1701 1211 1918 1269 caelum

240 1291 367 1361 hoc,
400 1292 460 1348 in
495 1311 610 1368 quo
645 1291 841 1360 nubeS‚
879 1291 1092 1347 imbres
1127 1291 1396 1368 ventique
1430 1298 1731 1368 coguntur,
1765 1291 1920 1368 quod

242 1378 301 1428 et
328 1372 631 1429 humidum
661 1378 720 1430 et
749 1371 1126 1447 caliginosum
1157 1377 1243 1427 est
1270 1377 1507 1448 propter
1534 1371 1922 1428 exhalationes

241 1458 437 1508 terrae.
515 1453 702 1520 Quam
743 1451 1037 1527 regionem
1072 1470 1204 1507 cum
1249 1451 1536 1526 superavit
1569 1452 1794 1509 animus
1826 1471 1922 1508 na-

241 1538 541 1608 turamque
570 1533 659 1590 sui
689 1531 935 1589 similem
964 1531 1212 1607 contigit
1241 1537 1299 1588 et
1327 1531 1579 1608 agnovit,
1613 1531 1921 1589 iunctis-ex

242 1612 433 1669 anima
460 1614 621 1670 tenui
650 1620 709 1670 et
736 1631 805 1668 ex
835 1612 1035 1669 ardore
1066 1611 1203 1669 solis
1230 1617 1552 1687 temperato
1582 1611 1812 1688 ignibus
1841 1612 1924 1668 in-

243 1692 395 1748 sistit
428 1698 487 1750 et
518 1693 691 1749 finem
726 1691 895 1749 altius
938 1711 997 1748 se
1040 1691 1316 1748 efferendi
1347 1691 1504 1748 facit.
1582 1692 1732 1749 Tum
1767 1691 1921 1749 enim

244 1772 332 1829 sui
374 1771 618 1829 similem
661 1779 720 1829 et
760 1771 1052 1829 levitatem
1094 1778 1154 1829 et
1210 1771 1455 1829 calorem
1497 1771 1741 1849 adeptus
1782 1779 1924 1830 tam-

246 1872 416 1929 quam
445 1852 676 1930 paribus
704 1853 1061 1920 examinatus
1088 1852 1439 1929 ponderibus
1466 1853 1679 1909 nullam
1711 1854 1772 1910 in
1801 1872 1924 1930 par-

243 1941 363 1990 tem
403 1940 681 2002 movetur,
716 1951 893 2009 eaque
936 1932 987 1989 ei
1030 1932 1266 1990 demum
1307 1932 1582 1990 naturalis
1623 1942 1711 1991 est
1743 1933 1921 1993 sedes,

245 2032 375 2070 cum
405 2013 478 2070 ad
508 2013 594 2069 sui
624 2012 807 2069 simile
850 2013 1186 2089 penetravit,
1218 2013 1278 2069 in
1322 2033 1437 2090 quo
1479 2014 1636 2071 nulla
1661 2034 1722 2071 re
1751 2033 1925 2091 egens

244 2094 426 2150 aletur
467 2099 525 2150 et
568 2092 980 2150 sustentabitur
1033 2093 1236 2150 iisdem
1293 2093 1479 2165 rebuS,
1527 2094 1734 2171 quibus
1776 2100 1926 2151 astra

246 2180 637 2230 sustentantur
678 2181 737 2230 et
778 2172 1021 2230 aluntur.
1110 2178 1204 2230 44.
1243 2171 1507 2251 Cumque
1549 2174 1804 2251 corporis
1845 2174 1926 2230 fa-

245 2254 406 2311 cibus
437 2253 782 2311 infiammari
815 2252 1096 2311 soleamus
1139 2254 1214 2310 ad
1255 2273 1454 2311 omnes
1494 2254 1614 2311 fere
1649 2254 1926 2331 cupidita-

245 2342 331 2391 tes
359 2354 541 2412 eoque
569 2334 755 2411 magis
783 2333 1027 2403 incendi,
1056 2334 1213 2410 quod
1242 2334 1312 2390 iis
1341 2334 1706 2405 aemulemur,
1733 2334 1833 2411 qui
1861 2353 1926 2391 ea

245 2414 508 2487 habeant,
541 2434 685 2491 quae
726 2434 833 2471 nos
876 2412 1081 2470 habere
1125 2414 1437 2491 cupiamm,
1468 2414 1732 2490 profecto
1775 2414 1926 2471 beati

246 2496 473 2565 erimus,
498 2514 628 2551 cum
654 2493 988 2570 corporibus
1016 2494 1230 2551 relictis
1259 2500 1316 2551 et
1345 2494 1726 2570 cupiditatum
1755 2501 1814 2551 et
1842 2513 1928 2551 ae-

247 2573 629 2631 mulationum
658 2575 869 2631 erimus
890 2580 1165 2650 experteS‚
1193 2574 1460 2651 quodque
1489 2594 1641 2631 nunc
1662 2574 1924 2643 facimus,

248 2673 377 2711 cum
413 2654 586 2711 laxati
616 2654 766 2711 curis
794 2673 1006 2723 sumuS,
1039 2661 1104 2710 ut
1147 2660 1401 2729 spectare
1443 2654 1660 2730 aliquid
1689 2653 1928 2712 velimus

248 2740 307 2791 et
343 2733 538 2803 visere,
576 2733 637 2790 id
678 2732 863 2790 multo
896 2741 1022 2790 tum
1065 2733 1344 2791 faciemus
1386 2733 1618 2791 liberius
1659 2741 1928 2811 totosque

250 2834 354 2870 nos
395 2813 455 2869 in
490 2813 949 2890 contemplandis
992 2813 1160 2871 rebus
1202 2813 1723 2891 perspiciendisque
1757 2832 1930 2889 pone-

246 2913 393 2965 muS‚
412 2900 717 2969 propterea
744 2894 902 2971 quod
929 2900 987 2950 et
1015 2902 1220 2950 natura
1248 2894 1396 2951 inest
1423 2894 1483 2950 in
1512 2894 1804 2951 mentibus
1831 2913 1930 2951 no-

248 2974 379 3030 stris
421 2971 757 3031 insatiabilis
801 2972 1080 3050 quaedam
1124 2974 1408 3049 cupiditas
1444 2975 1563 3030 veri
1595 2974 1831 3032 videndi
1873 2981 1930 3031 et

248 3072 380 3111 orae
422 3054 579 3130 ipsae
612 3054 868 3111 locorum
906 3053 1151 3124 illorum,
1185 3073 1299 3130 quo
1334 3054 1774 3129 pervenerimuS,
1815 3073 1928 3131 quo

247 3133 565 3191 faciliorem
608 3133 776 3190 nobis
810 3134 1202 3210 cognitionem
1245 3152 1433 3191 rerum
1477 3133 1823 3205 caelestium,
1861 3153 1930 3191 eo

248 3214 523 3271 maiorem
592 3214 975 3290 cognoscendi
1045 3214 1420 3289 cupiditatem
1491 3214 1726 3273 dabunt.
1835 3220 1925 3271 45.
