2235 3581
289 171 354 218 42
511 164 1106 223 TUSCULANARUM,
1148 163 1749 238 DISPUTA'HONUM

290 270 340 327 si
375 268 498 326 fieri
530 275 741 346 posset,
773 267 993 338 vellem,
1025 274 1090 324 ut
1122 286 1205 338 ea,
1238 286 1381 344 quae
1414 267 1563 339 dioc,
1598 269 1745 326 mihi
1776 269 1971 330 liceret

289 349 558 406 invenire.
637 348 866 416 Quanta
893 347 1272 405 delectatione
1302 354 1493 404 autem
1522 347 1807 419 adficerer,
1838 370 1970 407 cum

289 428 674 499 Palamedem,
713 447 844 485 cum
873 427 1129 497 Aiacem,
1166 447 1299 484 cum
1335 427 1477 485 alios
1518 428 1735 486 iudicio
1768 429 1970 507 iniquo

288 509 707 567 circumventos
735 508 1131 566 convenirem!
1213 507 1581 585 Temptarem
1611 509 1787 565 etiam
1822 529 1971 567 sum-

287 588 371 644 mi
411 588 577 664 regiS,
611 588 710 664 qui
750 588 1030 644 maximas
1070 589 1267 664 copias
1308 589 1475 646 duxit
1514 588 1589 654 ad
1630 586 1879 660 Troiam,
1912 598 1971 647 et

288 667 450 726 Ulixi
479 667 830 745 Sisyphique
858 668 1242 744 prudentiam,
1273 686 1378 725 nec
1407 668 1483 725 ob
1513 688 1639 726 eam
1667 688 1805 740 rem,
1837 689 1968 726 cum

287 747 426 806 haec
471 749 842 825 exquirerem,
879 748 1028 805 sicut
1059 747 1155 804 hic
1186 747 1487 821 faciebam,
1518 749 1707 825 capite
1740 749 1971 807 damna-

286 846 389 885 rer.
476 828 566 885 Ne
599 848 702 886 vos
736 829 987 905 quidem,
1023 827 1243 885 iudices
1276 828 1334 900 ii,
1368 829 1466 905 qui
1499 848 1593 886 me
1626 828 1967 902 absolvistiS,

285 914 531 965 mortem
576 908 900 965 timueritis
987 912 1080 965 99.
1126 907 1249 964 Nec
1299 909 1452 965 enim
1496 909 1764 986 cuiquam
1812 909 1969 967 bono

287 987 423 1044 mali
454 987 768 1064 quidquam
804 987 1026 1045 evenire
1060 994 1254 1064 potest
1286 1007 1390 1045 nec
1418 989 1549 1046 vivo
1584 1007 1689 1046 nec
1717 999 1965 1062 mortu0,

288 1087 392 1125 nec
427 1087 701 1144 umquam
737 1068 857 1124 eius
895 1087 983 1129 res
1017 1087 1050 1125 a
1084 1067 1173 1124 dis
1206 1067 1631 1126 immortalibus
1667 1069 1970 1146 neglegen-

285 1154 395 1218 tur,
431 1167 535 1204 nec
577 1147 723 1204 mihi
768 1148 878 1224 ip'si
921 1148 1033 1205 hoc
1077 1147 1289 1205 accidit
1328 1148 1590 1206 fortuit0.
1677 1148 1799 1206 Nec
1832 1169 1967 1207 vero

273 1245 394 1304 ⁴ego
416 1227 503 1298 iis,
529 1247 562 1284 a
585 1228 791 1304 quibus
820 1235 1115 1285 accusatus
1145 1235 1245 1284 aut
1266 1248 1301 1285 a
1322 1227 1531 1305 quibus
1552 1229 1968 1286 condemnatus

286 1326 430 1378 sum,
461 1307 645 1365 habeo
676 1308 832 1384 quod
865 1327 1241 1379 suscenseam,
1266 1309 1379 1365 nisi
1408 1309 1565 1385 quod
1592 1307 1737 1366 mihi
1765 1328 1969 1366 nocere

273 1406 348 1444 -se
377 1387 792 1445 crediderunt.''
877 1388 953 1444 Et
986 1387 1127 1444 haec
1162 1388 1394 1463 quidem
1429 1388 1539 1446 hoc
1573 1388 1779 1446 modo:
1824 1387 1967 1445 nihil

283 1472 477 1525 autem
523 1467 728 1524 melius
775 1474 1067 1525 extremo:
1115 1467 1287 1525 “Sed
1324 1475 1555 1544 tempus
1596 1475 1683 1526 est
1702 1468 1733 1494 ”
1778 1469 1968 1545 inquit

286 1547 453 1604 “iam
482 1548 617 1605 hinc
645 1548 801 1606 abire
829 1567 939 1618 me,
972 1554 1038 1604 ut
1066 1548 1294 1619 moriar,
1321 1568 1437 1618 voe,
1470 1556 1535 1606 ut
1558 1549 1734 1605 vitam
1764 1549 1963 1625 agatis,

283 1626 504 1684 Utrum'
534 1635 726 1686 autem
762 1629 838 1685 sit
870 1628 1076 1685 melius
1114 1627 1177 1684 di
1215 1628 1569 1686 immortales
1604 1628 1823 1686 sciunt:
1868 1629 1969 1686 ho-

281 1707 498 1764 minem
531 1707 764 1784 quidem
795 1708 936 1765 scire
965 1707 1211 1765 arbitror
1238 1708 1585 1766 neminem.”

362 1786 550 1846 XLII.
598 1787 686 1845 Ne
721 1808 829 1865 ego
861 1787 1018 1846 haud
1059 1788 1254 1865 paullo
1289 1788 1734 1855 huncanimum
1768 1787 1967 1846 malim

283 1886 454 1944 quam
485 1887 683 1926 eorum
714 1869 971 1926 omnium
1003 1870 1283 1940 fortunaS,
1318 1870 1417 1946 qui
1447 1870 1518 1927 de
1548 1869 1657 1927 hoc
1688 1869 1969 1927 iudicave-

281 1955 457 2005 runt.'
517 1948 658 2017 Etsi,
698 1950 855 2026 quod
902 1956 1129 2025 praeter
1177 1950 1317 2007 deos
1366 1957 1540 2027 negat
1588 1950 1730 2007 scire
1772 1968 1970 2027 quem-

284 2046 472 2105 quam,
497 2028 559 2085 id
581 2029 687 2086 scit
709 2029 847 2106 ipse,
872 2037 1066 2087 utrum
1091 2030 1165 2087 sit
1194 2030 1427 2087 melius:
1473 2049 1607 2087 nam
1629 2030 1778 2087 dixit
1804 2035 1965 2087 ante:

282 2108 384 2165 sed
424 2128 589 2166 suum
635 2110 795 2181 illud,
833 2109 977 2167 nihil
1027 2117 1093 2167 ut
1140 2110 1417 2182 adfirmet,
1454 2117 1615 2169 tenet
1662 2110 1737 2167 ad
1790 2116 1969 2166 extre-

281 2206 458 2246 mum.
547 2194 678 2247 100.
725 2190 849 2247 Nos
883 2199 1072 2249 autem
1117 2197 1432 2261 teneamuS‚
1468 2198 1535 2247 ut
1568 2190 1712 2248 nihil
1747 2208 1969 2247 censea-

282 2288 409 2325 mus
438 2288 558 2327 esse
591 2270 825 2342 malum,
853 2272 1007 2348 quod
1043 2270 1117 2328 sit
1147 2290 1181 2327 a
1210 2277 1413 2328 natura
1446 2271 1645 2328 datum
1678 2269 1964 2341 omnibuS,

280 2349 806 2428 intellegamusque,
840 2351 887 2407 si
929 2370 1084 2407 mors
1126 2351 1343 2407 malum
1388 2351 1477 2421 sit,
1511 2352 1631 2407 esse
1675 2350 1970 2426 sempiter-

279 2448 418 2486 num
441 2431 673 2488 malum.
760 2431 910 2488 Nam
932 2432 1083 2487 vitae
1111 2432 1351 2488 miserae
1378 2450 1535 2487 mors
1556 2430 1686 2488 finis
1710 2430 1965 2488 videtur:

279 2528 434 2566 mors
456 2511 504 2567 si
527 2518 613 2568 est
635 2511 858 2581 misera,
880 2510 1011 2567 finis
1034 2530 1155 2569 esse
1184 2510 1374 2568 nullus
1394 2516 1603 2588 potest.
1690 2510 1805 2568 Sed
1827 2509 1969 2587 quid

279 2608 388 2681 ego
435 2590 728 2648 Socratem
784 2598 884 2648 aut
927 2590 1361 2662 Theramenem,
1412 2597 1765 2668 praestantes
1814 2591 1969 2647 viros

280 2670 506 2730 virtutis
536 2677 594 2728 et
622 2670 935 2747 sapientiae
968 2670 1168 2747 gloria,
1200 2690 1607 2741 commemorO,
1639 2689 1769 2728 cum
1800 2669 1969 2727 Lace-

280 2749 616 2807 daemonius
651 2750 903 2827 quidam,
941 2751 1102 2808 cuius
1144 2770 1217 2808 ne
1250 2770 1463 2811 nomen
1499 2750 1733 2827 quidem
1776 2749 1969 2826 prodi-

281 2836 407 2886 tum
441 2837 543 2901 est,
574 2837 821 2887 mortem
855 2837 1019 2887 tanto
1056 2850 1227 2907 opere
1262 2831 1692 2908 contempserit,
1723 2838 1805 2901 ut,
1832 2848 1967 2889 cum

280 2910 354 2967 ad
383 2929 507 2966 eam
538 2909 840 2968 duceretur
860 2910 1165 2968 damnatus
1193 2910 1264 2967 ab
1288 2910 1518 2987 ephoris
1548 2918 1606 2968 et
1633 2917 1781 2967 esset
1804 2909 1968 2966 vultu

280 2988 446 3047 hilari
486 2996 658 3066 atque
689 2990 852 3051 ,laeto
901 2991 1255 3067 dixissetque
1298 2992 1351 3048 ei
1387 2991 1621 3067 quidam
1661 2990 1965 3047 inimicus:

290 3068 678 3127 Contemni-me
712 3071 853 3143 leges
881 3070 1140 3143 Lycur-qi
1158 3070 1186 3127 ?
1226 3070 1617 3147 responderit:
1674 3070 1806 3143 Eyo
1838 3087 1967 3125 vero

280 3150 376 3207 illi
409 3152 721 3206 maximam
752 3152 1008 3223 qratiam
1037 3151 1225 3222 Ιιαόεο,
1252 3151 1355 3224 qui
1389 3169 1475 3207 me
1508 3170 1572 3207 ea
1595 3169 1783 3223 poena
1816 3149 1968 3217 2an-

283 3230 498 3301 taverit,
525 3250 699 3307 quam
729 3231 846 3289 sine
875 3230 1233 3291 mutuatione
1260 3238 1312 3289 et
1339 3230 1457 3289 eine
1486 3249 1718 3290 versura
1740 3247 1967 3306 possem
