2235 3581
647 161 785 210 Lm.
827 160 893 222 1.,
926 160 1078 210 CAP.
1111 157 1663 218 xxxva-xxxa.
1938 163 2002 210 39

315 272 556 343 propter
607 263 948 321 brevitatem
1004 261 1156 319 vitae
1211 280 1530 338 numquam
1584 268 1778 337 potest
1832 261 2006 339 longe

316 345 529 416 abesse,
568 363 683 422 quo
715 343 906 400 minus
940 342 999 399 in
1035 361 1208 399 omne
1241 348 1472 418 tempus
1506 341 1588 398 rei
1621 341 1884 417 publicae
1919 362 2006 399 su-

316 426 481 502 isque
514 424 790 494 consulat,
823 429 888 480 ut
921 422 1320 499 posteritatem
1355 422 1559 498 ipsam,
1584 422 1745 479 cuius
1775 441 2002 479 sensum

317 505 616 562 habiturus
644 522 760 560 non
790 503 883 574 sit,
914 503 988 560 ad
1022 522 1081 561 se
1116 509 1285 579 putet
1317 501 1618 578 pertinere.
1698 501 1826 570 Qua
1853 522 1912 559 re
1942 502 2006 559 li-

316 593 408 643 cet
436 585 611 642 etiam
640 583 944 641 mortalem
971 601 1093 640 esse
1116 582 1366 640 animam
1397 581 1748 638 iudicantem
1778 589 2006 639 aeterna

316 663 525 735 moliri,
562 683 681 721 non
722 663 938 740 gloriae
980 662 1316 739 cupiditate,
1363 681 1534 738 quam
1579 681 1845 721 sensurus
1886 682 2003 720 non

316 745 409 816 sit,
442 744 542 802 sed
575 744 821 814 virtutiS,
858 763 1031 821 quam
1064 742 1382 800 necessario
1416 741 1616 818 gloria,
1648 741 1822 800 etiam
1858 742 1906 799 si
1940 751 2003 799 tu

316 825 379 882 id
409 844 525 882 non
556 843 707 902 agas,
733 830 1129 900 consequatur.
1216 821 1438 879 Natura
1459 841 1592 879 vero
1615 841 1674 880 se
1704 822 1784 878 sic
1813 821 2001 892 habet,

316 913 399 975 ut,
444 924 559 982 quo
601 905 778 962 modo
828 903 1061 960 initium
1102 901 1272 960 nobis
1314 921 1504 960 rerum
1541 902 1800 959 omnium
1845 910 2005 959 ortus

316 992 512 1042 noster
545 985 785 1056 adferat,
822 984 902 1041 sic
946 984 1166 1054 exitum
1208 1000 1398 1039 mors:
1442 989 1508 1039 ut
1547 981 1688 1038 nihil
1724 983 2005 1059 pertinuit

316 1064 393 1122 ad
422 1083 527 1122 nos
556 1072 688 1122 ante
718 1071 926 1135 ortum,
952 1064 1033 1120 sic
1063 1061 1207 1120 nihil
1238 1069 1370 1138 post
1398 1070 1645 1119 mortem
1675 1061 2001 1139 pertinebit.

317 1144 388 1201 In
418 1165 533 1222 quo
557 1145 696 1222 quid
724 1151 918 1221 potest
947 1163 1068 1201 esse
1096 1143 1252 1214 mali,
1271 1149 1409 1199 ‘cum
1438 1162 1594 1200 mors
1623 1162 1727 1200 nec
1750 1143 1824 1200 ad
1845 1143 2005 1199 vivos

316 1225 602 1302 pertineat
630 1245 733 1282 nec
761 1225 836 1282 ad
866 1225 1162 1282 mortuos?
1235 1223 1423 1280 Alteri
1451 1222 1594 1280 nulli
1624 1230 1773 1293 sunt,
1799 1221 2006 1280 alteros

317 1324 435 1361 non
464 1305 727 1382 attinget.
815 1310 907 1362 92.
947 1304 1135 1373 Quam
1165 1303 1264 1381 qui
1292 1302 1564 1360 leviorem
1593 1303 1832 1374 faciunt,
1859 1322 2006 1359 som-

318 1386 378 1442 ni
413 1385 763 1442 simillimam
792 1384 994 1442 volunt
1036 1404 1175 1455 esse,
1213 1383 1375 1462 quasi
1409 1403 1544 1440 vero
1588 1383 1889 1460 quisquam
1924 1383 2007 1439 ita

318 1465 635 1542 nonaginta
666 1484 847 1523 annos
878 1465 1013 1523 velit
1041 1465 1247 1536 vivere,
1278 1471 1345 1522 ut
1378 1483 1508 1521 cum
1545 1463 1844 1540 sexaginta
1876 1481 2008 1520 con-

316 1545 537 1617 fecerit,
572 1546 822 1623 reliquos
872 1545 1156 1603 dormiat:
1200 1565 1274 1602 ne
1307 1543 1396 1600 sui
1437 1543 1666 1620 quidem
1713 1544 1775 1601 id
1808 1542 2003 1613 velint,

318 1645 437 1682 non
471 1626 647 1684 modo
681 1627 820 1703 ipse.
906 1626 1242 1702 Endymion
1277 1643 1428 1695 ver0,
1467 1623 1514 1680 si
1552 1623 1776 1681 fabulas
1811 1623 2006 1680 audire

305 1707 599 1775 ,volumuS‚
626 1713 691 1764 ut
718 1706 911 1763 nescio
937 1705 1168 1783 quando
1197 1705 1258 1761 in
1282 1704 1487 1762 Latmo
1511 1704 1879 1775 obdormivit,
1907 1703 2005 1780 qui

320 1794 408 1844 est
448 1806 617 1845 mons
650 1785 867 1858 Cariae,
911 1786 1189 1857 nondum,
1229 1785 1452 1863 opinor,
1498 1792 1584 1843 est
1627 1794 2002 1863 experrectus,

320 1866 477 1925 Num
508 1867 687 1943 igitur
714 1886 847 1924 eum
882 1885 1077 1924 curare
1109 1885 1322 1936 censet-3,
1355 1885 1485 1923 cum
1517 1865 1678 1923 Luna
1705 1866 1941 1936 laboret,
1974 1886 2008 1923 a

320 1966 435 2023 qua
475 1947 810 2024 consopitus
850 1954 1102 2024 putatur,
1139 1953 1206 2003 ut
1247 1964 1380 2003 eum
1423 1945 1802 2004 dormientem
1850 1966 2008 2003 oscu-

319 2026 567 2085 laretur?
641 2027 796 2096 Quid
838 2034 996 2085 curet
1038 2032 1248 2096 autem,
1287 2026 1386 2103 qui
1418 2044 1490 2082 ne
1526 2026 1700 2083 sentit
1736 2026 2008 2104 quidem?

300 2106 519 2165 .Habes
548 2126 817 2165 somnum
845 2107 1157 2184 imaginem
1187 2106 1391 2163 mortis
1419 2125 1660 2183 eamque
1683 2107 1897 2164 cotidie
1925 2106 2009 2162 in-

320 2186 466 2245 duis.
552 2188 630 2245 Et
664 2187 893 2245 dubitas
928 2188 1068 2264 quin
1111 2206 1308 2244 sensus
1348 2186 1410 2243 in
1453 2192 1640 2243 morte
1681 2187 1871 2243 nullus
1913 2186 2004 2257 sit,

320 2287 455 2326 cum
484 2268 544 2324 in
574 2268 697 2325 eius
725 2266 1027 2325 simulacro
1051 2267 1245 2324 videas
1274 2285 1393 2324 esse
1421 2265 1644 2323 nullum
1675 2267 1941 2323 sensum?

401 2348 691 2405 XXXIX.
779 2353 872 2405 93.
913 2347 1211 2404 Pellantur
1231 2366 1368 2423 ergo
1390 2346 1534 2404 istae
1555 2346 1806 2422 ineptiae
1827 2365 2008 2422 paene

320 2428 516 2499 anileS,
548 2435 681 2485 ante
714 2435 945 2504 tempus
977 2428 1129 2485 mori
1161 2428 1434 2484 miserum
1469 2445 1606 2485 esse.
1683 2425 1856 2494 Quod
1889 2434 2008 2483 tan-

322 2507 457 2566 dem
478 2509 740 2585 tempus?
822 2508 879 2565 N
882 2515 1148 2565 aturaene
1166 2509 1186 2565 ἓ
1259 2506 1344 2564 At
1366 2526 1432 2564 ea
1449 2506 1684 2584 quidem
1703 2506 1864 2564 dedit
1883 2527 2010 2564 usu-

322 2608 443 2645 ram
476 2588 625 2646 vitae
666 2595 962 2665 tamquam
1004 2588 1282 2665 pecuniae
1323 2587 1482 2644 nulla
1522 2587 1862 2663 praestituta
1896 2587 2004 2645 dic.

300 2667 481 2737 ,Quid
514 2675 601 2726 est
642 2668 821 2745 igitur
854 2668 1012 2745 quod
1046 2687 1296 2745 querare,
1334 2667 1382 2725 si
1420 2667 1646 2744 repetit,
1683 2687 1812 2725 cum
1850 2669 2010 2725 vult?

306 2749 409 2817 ,Ea
442 2749 597 2817 enim
632 2749 970 2806 condicione
1004 2767 1314 2825 acceperas,
1402 2747 1602 2818 Iidem,
1636 2748 1683 2805 si
1716 2767 1860 2825 puer
1887 2768 2010 2826 par-

323 2850 428 2887 vus
462 2829 691 2900 occidit,
728 2848 911 2907 aequo
946 2829 1141 2885 animo
1175 2828 1476 2885 ferendum
1512 2836 1752 2905 putant:
1799 2829 1847 2887 si
1875 2847 2008 2886 vero

323 2909 385 2967 in
414 2910 593 2980 cuniS,
618 2928 690 2967 ne
714 2908 1067 2986 querendum
1092 2907 1343 2985 quidem.
1421 2908 1606 2985 Atqui
1629 2909 1700 2966 ab
1729 2909 1840 2966 hoc
1863 2928 2010 2967 acer-

323 2988 454 3047 bius
476 2990 668 3065 exegit
696 2996 899 3045 natura
921 2988 1077 3065 quod
1106 2987 1356 3045 dederat.
1444 2987 1717 3046 Nondum
1749 2996 2009 3064 gustave-

323 3075 429 3140 rat,
460 3069 749 3146 inquiunt,
780 3068 931 3125 vitae
965 3068 1339 3125 suavitatem:
1382 3066 1478 3125 hic
1513 3076 1704 3125 autem
1739 3069 1853 3123 iam
1888 3087 2010 3143 spe-

324 3149 488 3205 rabat
507 3168 735 3226 magna,
756 3148 965 3225 quibus
990 3148 1109 3205 frui
1138 3154 1417 3225 coeperat.
1495 3147 1580 3204 At
1609 3148 1670 3204 id
1692 3146 1924 3224 quidem
1947 3146 2006 3203 in

325 3228 527 3289 ceteris
565 3228 735 3289 rebus
770 3228 975 3289 melius
1012 3234 1264 3309 putatur,
1297 3228 1544 3305 aliquam
1579 3233 1800 3307 part-em
1836 3245 2007 3303 quam
