2235 3581
728 97 866 182 nm.
901 133 969 194 1.,
1000 130 1158 182 CAP.
1193 130 1594 183 {rvr-XVIII.
1944 135 2006 182 19

316 235 509 294 locum
532 233 850 305 subvolent,
872 234 989 290 sive
1007 233 1139 310 ipsa
1157 240 1364 292 natura
1384 234 2006 312 superiora-appetente

316 316 437 372 sive
470 314 627 392 quod
669 333 704 371 a
742 313 1098 391 gravioribus
1139 313 1354 371 leviora
1392 321 1600 371 natura
1638 314 2002 391 repellantur.

315 395 477 464 Quae
520 414 651 452 eum
694 401 976 466 constent,
1006 395 1371 471 perspicuum
1402 394 1574 452 debet
1607 415 1728 452 esse
1762 395 2001 469 animos„

315 495 447 534 cum
479 495 510 532 e
540 495 777 552 corpore
810 475 1170 544 excesserint,
1203 474 1322 531 sive
1355 474 1438 530 illi
1473 475 1588 532 sint
1623 475 1912 549 animaleS,
1942 476 2005 533 id

315 563 418 627 est,
445 554 758 632 spirabileS,
784 555 901 611 sive
930 554 1103 632 ignei,
1131 553 1374 611 sublime
1402 555 1556 611 ferri.
1645 560 1738 613 41.
1785 555 2002 614 sivero

314 643 416 695 aut
442 655 715 692 numerus
744 635 978 713 quidam
1007 641 1094 692 est
1122 635 1363 706 animuS,
1391 634 1547 712 quod
1576 635 1861 694 subtiliter
1887 657 2005 694 ma-

313 716 405 793 gis
436 729 609 793 quam
638 715 888 774 dilucide
918 715 1144 786 dieitur,
1179 721 1280 772 aut
1310 715 1513 792 quinta
1545 715 1642 772 illa
1674 736 1791 773 non
1821 718 2005 773 nomi-

314 802 451 853 nata
476 797 663 872 magis
692 815 864 873 quam
892 794 1336 853 nonintellecta
1363 803 1581 866 natura,
1612 796 1798 854 multo
1828 797 2000 854 etiam

314 876 629 952 integriora
660 895 725 932 ae
758 877 992 953 puriora
1033 881 1184 946 sunt,
1216 883 1282 934 ut
1316 896 1350 933 a
1383 883 1530 934 terra
1571 875 1906 953 longissime
1941 896 2000 933 se

316 956 571 1013 efferant.
658 955 887 1012 Horum
922 956 1101 1032 igitur
1135 956 1354 1034 aliquid
1387 957 1613 1014 animus
1647 963 1748 1026 est,
1780 977 1852 1014 ne
1881 965 1998 1013 tam

314 1044 519 1112 vegeta
545 1054 707 1092 mens
735 1042 835 1092 aut
869 1036 928 1092 in
964 1036 1135 1094 eorde
1165 1037 1466 1094 cerebrove
1495 1044 1594 1094 aut
1624 1037 1682 1092 in
1713 1036 2002 1114 Empedo-

313 1115 438 1172 cleo
468 1115 745 1192 sanguine
773 1115 1033 1173 demersa
1059 1117 1255 1174 iaceat.

394 1195 624 1254 XVIII.
667 1194 1085 1253 Dicaearchum
1114 1216 1250 1253 vero
1271 1215 1403 1254 eum
1427 1196 1776 1254 Aristoxeno
1799 1215 2001 1273 aequa-

314 1275 355 1332 li
390 1282 450 1333 et
482 1275 878 1352 condiscipulo
914 1296 1034 1347 suo,
1060 1277 1264 1333 doctos
1298 1296 1431 1334 sane
1459 1276 1740 1348 homineS,
1773 1278 2002 1334 omitta-

314 1374 477 1412 mus:
523 1375 769 1433 quorum
798 1355 943 1414 alter
968 1376 1041 1413 ne
1070 1355 1432 1413 condoluisse
1463 1357 1696 1432 quidem
1723 1376 1998 1434 umquam

314 1436 557 1507 videtur,
591 1437 691 1514 qui
724 1437 984 1494 animum
1018 1455 1077 1494 se
1104 1435 1314 1494 babere
1341 1455 1461 1493 non
1490 1437 1714 1508 sentiat,
1746 1437 1887 1494 alter
1919 1437 2001 1493 ita

316 1515 631 1574 delectatur
660 1517 778 1574 suis
807 1516 1085 1588 cantibus,
1117 1523 1186 1573 ut
1218 1535 1316 1574 eos
1350 1516 1525 1573 etiam
1553 1516 1628 1573 ad
1655 1516 1795 1573 haee
1824 1523 2001 1573 trans-

313 1596 464 1654 ferre
494 1604 747 1656 conetur.
834 1595 1216 1654 Harmoniam
1251 1602 1442 1652 autem
1479 1616 1547 1652 ex
1577 1595 1888 1654 intervallis
1915 1616 2001 1653 so-

313 1695 523 1734 norum
570 1696 740 1735 nosse
784 1696 1107 1754 possumus,
1156 1695 1401 1753 quorum
1451 1677 1606 1733 varia
1654 1677 1998 1754 compositio

314 1757 489 1816 etiam
511 1757 839 1817 harmonias
860 1756 1035 1815 efficit
1055 1757 1263 1835 plureS,
1289 1756 1678 1815 membrorum
1700 1776 1834 1816 vero
1857 1757 2002 1815 situs

314 1845 374 1896 et
405 1838 589 1915 figura
617 1839 873 1915 eorporis
900 1857 1105 1895 vacans
1139 1837 1334 1895 animo
1365 1858 1536 1931 quam
1566 1838 1750 1915 possit
1776 1838 2002 1896 harmo-

313 1918 470 1976 niam
512 1918 732 1977 efficere
764 1937 880 1976 non
909 1918 1093 1975 videO.
1181 1917 1296 1975 Sed
1328 1917 1423 1975 hic
1459 1905 1708 1995 quidem,
1741 1919 2004 1996 quamvis

314 2000 573 2057 eruditus
608 2000 699 2071 sit,
730 1999 881 2057 sicut
914 2005 1016 2069 est,
1053 1998 1194 2056 haee
1227 1999 1504 2075 magistro
1539 1999 1817 2057 concedat
1843 1998 2002 2057 Aris-

313 2079 496 2151 toteli,
528 2098 728 2137 canere
768 2080 893 2157 ipse
926 2078 1146 2136 doceat,
1231 2078 1392 2137 Bene
1435 2079 1588 2137 enim
1631 2080 1731 2138 illo
1760 2080 2002 2138 Graeco-

313 2178 441 2216 rum
470 2159 773 2237 proverbio
802 2160 1181 2236 praecipitur:

502 2287 670 2348 Quam
693 2288 901 2351 quisque
923 2286 1056 2335 norit
1078 2296 1254 2349 artem,
1280 2288 1332 2335 in
1353 2286 1449 2335 hae
1474 2302 1526 2336 se
1549 2294 1799 2335 exerceat.

315 2402 409 2456 42.
454 2396 621 2455 Illam
648 2416 783 2455 vero
811 2396 1079 2453 funditus
1108 2397 1400 2454 eiiciamus
1427 2396 1860 2454 individuorum
1882 2416 2002 2455 cor-

314 2497 523 2555 porum
554 2478 802 2535 laevium
836 2485 894 2535 et
921 2478 1304 2535 rotundorum
1338 2478 1771 2535 concursionem
1799 2478 2001 2535 fortui-

314 2565 457 2630 tam,
480 2578 653 2635 quam
672 2565 867 2615 tamen
888 2557 1259 2615 Democritus
1281 2557 1724 2615 concalefactam
1745 2564 1804 2615 et
1829 2558 2002 2635 spira-

315 2636 509 2709 bilem,
540 2638 603 2695 id
636 2644 739 2710 est,
771 2638 1093 2709 animalem,
1125 2657 1246 2695 esse
1278 2636 1478 2696 voluit.
1563 2637 1621 2694 Is
1654 2645 1846 2695 autem
1886 2638 2002 2695 ani-

316 2738 462 2788 mus,
496 2718 595 2796 qui
630 2718 679 2775 si
712 2724 800 2775 est
831 2717 1040 2775 horum
1070 2724 1344 2796 quattuor
1369 2736 1661 2795 generum,
1695 2737 1764 2775 ex
1794 2718 2002 2795 quibus

318 2799 515 2857 omnia
548 2804 808 2857 constare
843 2798 1130 2869 dicuntur,
1156 2817 1224 2856 ex
1259 2797 1614 2855 inflammata
1647 2798 1838 2855 anima
1869 2817 2002 2855 eon-

317 2886 447 2951 stat,
482 2885 549 2936 ut
576 2879 941 2956 potissimum
975 2878 1157 2935 videri
1185 2878 1352 2935 video
1383 2877 1677 2949 PanaetiO,
1711 2878 2003 2955 superiora

318 2966 575 3036 capessat
608 2960 836 3017 necesse
869 2964 971 3015 est.
1057 2957 1220 3015 Nihil
1259 2958 1412 3015 enim
1454 2957 1671 3015 habent
1710 2957 1850 3015 haee
1883 2957 2000 3014 duo

226 3066 232 3071 ·
316 3059 527 3117 genera
554 3040 723 3115 proni
752 3045 851 3095 et
832 3058 1035 3115 supera
1062 3057 1288 3114 semper
1314 3044 1537 3113 petunt.
1623 3036 1730 3107 Ita,
1752 3037 1869 3093 sive
1892 3036 2003 3093 dis-

318 3120 594 3197 sipantur,
625 3118 825 3195 procul
854 3138 889 3174 a
916 3118 1080 3175 terris
1107 3118 1171 3173 id
1199 3117 1404 3186 evenit,
1431 3117 1549 3175 sive
1576 3121 1916 3207 permanent
1943 3122 2002 3173 et

318 3204 659 3256 conservant
691 3197 954 3255 habitum
990 3216 1176 3268 suum,
1208 3196 1318 3254 hoe
1353 3198 1527 3255 etiam
1560 3196 1746 3272 magis
1773 3214 2001 3253 neeesse
