2235 3581
248 155 253 159 ’
304 173 367 224 32
525 167 1120 220 TUSCULANARUM
1162 166 1766 218 DISPUTA‘moNUM

308 272 562 345 phorum
602 271 741 341 vita,
771 275 838 326 ut
880 269 961 326 ait
1002 269 1176 338 idem,
1213 268 1606 324 commentatio
1648 268 1850 324 mortis
1889 277 1988 327 eat.

306 349 533 408 XXXI.
620 349 652 406 '7
662 355 712 406 5.
758 349 910 406 Nam
940 349 1079 426 quid
1108 347 1265 405 aliud
1297 348 1538 424 agimus,
1570 366 1702 404 cum
1729 367 1764 404 a
1791 347 1993 425 volup-

303 438 439 500 tate,
475 430 538 487 id
571 436 673 500 est,
705 449 739 486 a
776 448 1030 506 corpore,
1066 447 1196 485 cum
1233 447 1267 484 a
1298 447 1358 484 re
1398 427 1685 498 familiari,
1725 447 1868 504 quae
1903 436 1992 485 est

304 510 569 566 ministra
601 516 659 566 et
692 508 910 566 famula
946 508 1220 583 corporis,
1251 526 1382 564 cum
1417 526 1452 564 a
1482 527 1542 564 re
1576 507 1822 584 publica,
1855 527 1991 565 cum

304 609 339 646 a
370 589 607 664 negotio
644 589 803 645 omni
838 607 1168 646 sevocamus
1202 587 1489 644 animum:
1535 588 1692 664 quid,
1729 588 1987 664 inquam,

304 676 431 726 tum
473 669 697 746 agimus
738 669 848 724 nisi
890 669 1146 724 animum
1190 667 1264 724 ad
1297 686 1355 724 se
1388 667 1576 743 ipsum
1622 667 1986 740 advocamus,

304 768 498 806 secum
540 768 661 806 esse
704 749 966 824 cogimus
1006 747 1368 824 maximeque
1402 767 1440 803 a
1481 747 1718 823 corpore
1759 748 1992 805 abduci-

304 830 466 886 musss
548 828 851 885 Secernere
872 833 1064 884 autem
1094 847 1130 884 a
1150 846 1386 904 corpore
1414 827 1671 884 animum
1698 847 1805 884 nec
1829 828 1991 905 quid-

306 927 477 984 quam
508 907 665 965 aliud
686 914 773 964 est
793 907 942 965 mori
972 907 1202 964 discere.
1280 905 1409 974 Qua
1429 927 1488 964 re
1510 907 1620 964 hoc
1643 915 1991 965 commente-

304 1008 451 1060 mur,
492 987 639 1045 mihi
672 987 854 1058 crede,
886 987 1394 1063 disiungamusque
1427 1006 1534 1044 nos
1567 1007 1601 1044 a
1633 987 1987 1064 corporibus

304 1068 369 1124 id
409 1074 512 1138 est,
556 1086 993 1124 consuescamus
1045 1067 1210 1124 mori.
1295 1065 1445 1137 Hoc,
1490 1074 1549 1124 et
1596 1068 1733 1125 dum
1777 1067 1992 1124 erimus

306 1148 366 1204 in
400 1147 581 1218 terriS‚
614 1147 723 1204 erit
764 1146 848 1204 illi
889 1146 1119 1204 caelesti
1152 1147 1303 1204 vitae
1347 1146 1547 1218 simile,
1580 1154 1638 1204 et
1679 1166 1811 1204 cum
1853 1147 1990 1205 illuc

307 1247 377 1284 ex
410 1227 501 1284 his
529 1227 730 1284 vinclis
763 1227 955 1284 emissi
993 1227 1262 1299 feremur,
1293 1226 1484 1284 minus
1517 1226 1838 1284 tardabitur
1869 1246 1992 1284 cur-

308 1326 403 1364 sus
444 1307 783 1366 animorum.
868 1306 1021 1364 Nam
1066 1307 1165 1384 qui
1210 1307 1271 1362 in
1316 1306 1691 1383 compedibus
1735 1307 1991 1384 corporis

308 1406 533 1464 semper
570 1388 821 1458 fuerunt,
854 1387 1027 1444 etiam
1070 1406 1202 1443 cum
1245 1386 1417 1444 soluti
1461 1393 1610 1458 sunt,
1645 1387 1867 1444 tardius
1905 1388 1992 1444 in-

306 1467 660 1544 grediuntur,
692 1475 757 1524 ut
788 1467 860 1538 ii,
880 1467 979 1543 qui
1012 1467 1166 1524 ferro
1195 1466 1375 1523 vincti
1405 1467 1622 1524 multos
1655 1485 1836 1524 annos
1869 1467 1992 1524 fue-

307 1554 457 1605 runt.
536 1547 665 1615 Quo
708 1566 840 1605 cum
882 1547 1219 1618 veneri-mus,
1264 1553 1391 1604 tum
1433 1547 1680 1624 denique
1713 1547 1986 1606 vivemus

308 1627 458 1686 Nam
481 1627 619 1684 haec
642 1628 875 1705 quidem
896 1627 1017 1684 vita
1040 1646 1198 1684 mors
1219 1632 1320 1698 est,
1342 1645 1515 1703 quam
1536 1627 1836 1684 lamentari
1863 1646 1993 1704 pos-

308 1727 445 1777 sem,
470 1708 519 1764 si
546 1707 762 1764 liberet.

391 1786 422 1844 7
432 1793 483 1845 6.
520 1786 592 1845 A.
632 1785 783 1845 Satis
815 1793 882 1844 tu
911 1785 1146 1864 quidem
1174 1785 1232 1843 in
1258 1785 1666 1844 Consolatione
1695 1807 1754 1845 es
1781 1787 1991 1845 lamen-

308 1874 479 1939 tatus,
505 1886 677 1944 quam
706 1886 837 1925 cum
865 1867 1013 1945 leg0,
1038 1866 1182 1923 nihil
1210 1867 1362 1924 malo
1387 1886 1554 1943 quam
1585 1867 1688 1925 has
1716 1887 1804 1925 res
1823 1868 1992 1925 relin-

308 1965 513 2025 quere:
558 1947 649 2003 his
672 1966 803 2005 vero
831 1946 1008 2005 modo
1037 1947 1267 2019 auditis,
1292 1947 1476 2004 multo
1505 1948 1705 2024 magis

390 2028 467 2085 M.
494 2028 709 2087 Veniet
735 2034 965 2105 tempus
993 2034 1052 2085 et
1081 2027 1316 2103 quidem
1345 2026 1616 2098 celeriter,
1641 2028 1759 2085 sive
1787 2034 1990 2085 retrac-

307 2108 457 2165 tabis
498 2108 615 2165 sive
658 2108 1021 2184 properabis:
1077 2106 1234 2164 volat
1283 2108 1437 2163 enim
1483 2114 1653 2165 aetas.
1737 2108 1990 2165 Tantum

309 2194 502 2246 autem
531 2187 692 2245 abest
719 2188 790 2245 ab
819 2207 905 2259 ec,
929 2194 995 2245 ut
1023 2187 1240 2244 malum
1268 2206 1424 2245 mors
1452 2187 1542 2259 sit,
1569 2188 1726 2264 quod
1753 2187 1863 2244 tibi
1891 2186 1991 2245 du-

310 2268 450 2325 dum
491 2268 805 2340 videbatur,
843 2276 909 2326 ut
948 2287 1144 2325 verear
1185 2287 1256 2325 ne
1297 2267 1524 2324 homini
1566 2268 1712 2325 nihil
1755 2268 1830 2325 sit
1870 2286 1990 2325 non

308 2347 524 2405 malum
554 2349 710 2407 aliud
741 2356 909 2416 certe,
942 2348 1041 2406 sed
1074 2347 1221 2404 nihil
1253 2348 1472 2405 bonum
1508 2346 1666 2406 aliud
1697 2348 1909 2425 potiuS,
1943 2348 1990 2404 si

310 2430 543 2505 quidem
564 2428 657 2485 -vel
685 2428 745 2485 di
772 2428 885 2503 ipsi
906 2426 996 2485 vel
1024 2447 1157 2485 cum
1186 2427 1276 2485 dis
1303 2428 1488 2485 futuri
1515 2447 1726 2486 sumna.

388 2509 461 2566 A.
499 2507 654 2576 Quid
680 2508 889 2565 refert?

389 2588 467 2645 M.
504 2588 739 2645 Adsunt
762 2587 932 2658 enim,
959 2587 1059 2664 qui
1086 2586 1228 2645 haec
1255 2606 1372 2644 non
1399 2586 1661 2665 probent.
1747 2586 1874 2664 Ego
1897 2606 1991 2644 au-

309 2679 427 2725 tem
456 2686 773 2743 numquam
806 2667 889 2723 ita
920 2674 979 2724 te
1011 2668 1072 2723 in
1106 2667 1219 2724 hoc
1248 2686 1509 2725 sermone
1536 2667 1845 2739 dimittam,
1876 2666 1991 2725 ulla

308 2748 530 2805 ratione
559 2754 625 2804 ut
654 2766 808 2803 mors
836 2746 947 2805 tibi
968 2747 1148 2804 videri
1176 2747 1393 2804 malum
1420 2748 1619 2824 possit.

393 2828 425 2885 7
434 2827 465 2885 7
472 2872 484 2885 .
530 2827 603 2886 A.
641 2826 754 2895 Qui
783 2834 995 2919 potest,
1020 2846 1152 2885 cum
1180 2828 1292 2884 ista
1319 2828 1720 2903 cognoverim&

390 2907 467 2965 M.
504 2906 618 2975 Qui
660 2908 845 2985 possit
892 2909 1096 2985 rogas?
1191 2907 1464 2965 Catervae
1506 2908 1746 2965 veniunt
1793 2914 1992 2965 contra

311 2988 624 3046 dicentium
670 3008 789 3046 non
835 2988 1020 3045 solum
1069 2988 1500 3065 Epicureorum,
1539 3007 1683 3064 quos
1724 2987 1990 3065 equidem

310 3088 428 3126 non
484 3068 757 3146 despiciO,
803 3068 903 3125 scd
967 3068 1160 3125 nescio
1219 3088 1332 3145 quo
1391 3068 1569 3125 modo
1626 3068 1991 3126 doctissimus

312 3149 551 3226 quisque
601 3148 937 3219 contemnit,
984 3147 1256 3205 acerrime
1305 3154 1492 3205 autem
1547 3148 1782 3206 deliciae
1830 3167 1992 3206 meae

310 3228 695 3287 Dicaearchus
736 3234 935 3287 contra
981 3226 1130 3285 hanc
1171 3227 1662 3286 immortalitatem
1707 3228 1988 3286 disseruit.
