2235 3581
233 149 298 210 ss
478 149 1066 212 TUSCULANARUM
1107 156 1709 210 msl’UTATmNUM

235 261 383 319 dem.
452 260 656 318 Carere
685 261 838 319 enim
868 260 1299 332 sentientis‘est,
1324 279 1429 318 nec
1458 279 1655 318 sensus
1682 260 1745 317 in
1772 259 1925 319 mor-

232 348 352 410 tu0,
377 360 450 398 ne
479 360 664 398 carere
694 341 926 418 quidem
955 341 1136 418 igitur
1162 341 1221 398 in
1250 348 1482 398 mortuo
1512 348 1612 398 est.

313 420 633 478 XXXVII.
722 427 814 478 89.
852 421 1215 497 Quamquam
1248 420 1389 498 quid
1418 440 1565 497 opus
1594 428 1679 478 est
1713 421 1773 478 in
1808 421 1922 479 hoc

232 500 644 578 philosophari,
670 520 800 558 cum
823 520 944 558 rem
973 520 1092 558 non
1120 520 1334 577 magno
1357 519 1530 577 opere
1551 500 1922 578 philosophia

233 600 398 657 egere
433 581 764 638 videamus?
838 581 1121 649 Quotiens
1155 600 1273 638 non
1306 581 1485 638 modo
1520 581 1789 638 ductores
1820 601 1922 642 no-

233 661 352 732 stri,
394 661 494 718 sed
543 661 791 718 universi
840 661 1013 718 etiam
1059 661 1343 718 exercitus
1391 661 1465 718 ad
1512 680 1630 717 non
1680 659 1918 718 dubiam

231 748 478 799 mortem
521 741 960 799 concurrerunt!
1036 739 1196 809 Quae
1231 741 1466 818 quidem
1513 741 1561 797 si
1594 741 1917 812 timeretur,

231 840 349 877 non
385 820 446 878 L.-
482 819 700 878 Brutus
741 840 936 878 arcens
978 839 1109 878 eum
1152 821 1343 879 reditu
1382 828 1711 897 tyrannum,
1744 840 1919 898 quem

231 901 354 976 ipse
384 901 692 977 expulerat,
724 901 785 957 in
818 900 1038 978 proelio
1067 901 1427 972 concidisset,
1460 920 1572 957 non
1606 920 1738 958 cum
1766 900 1921 958 Lati-

231 981 322 1036 nis
351 981 645 1037 decertans
674 987 837 1057 pater
869 980 1100 1051 DeciuS,
1134 1001 1265 1037 cum
1299 981 1555 1038 Etruscis
1582 980 1750 1052 filius,
1783 1000 1918 1038 cum

231 1059 457 1136 Pyrrho
492 1079 672 1136 nepos
706 1080 764 1117 se
798 1059 1053 1117 hostium
1088 1060 1220 1118 telis
1253 1061 1613 1132 obiecissent,
1645 1079 1763 1117 non
1798 1079 1918 1118 uno

229 1139 381 1196 bello
404 1159 508 1216 pro
537 1141 723 1217 patria
744 1140 1010 1198 cadentes
1032 1139 1333 1218 Scipiones
1354 1141 1637 1217 Hispania
1658 1140 1915 1211 vidisset,

231 1219 498 1277 Paullum
543 1226 602 1276 et
639 1220 949 1277 Geminum
988 1219 1236 1290 Cannae,
1262 1220 1519 1278 Venusia
1564 1221 1915 1294 Marcellum,

231 1298 435 1357 Litana
462 1299 759 1370 Albinum,
792 1299 1007 1358 Lucani
1035 1300 1375 1358 Gracchum.
1462 1300 1618 1358 Num
1649 1301 1777 1378 quis
1816 1300 1919 1358 ho-

229 1400 359 1436 rum
399 1381 574 1437 miser
613 1380 824 1438 hodie?
905 1380 994 1438 Ne
1032 1388 1160 1437 tum
1194 1381 1428 1457 quidem
1471 1388 1605 1457 post
1646 1381 1916 1458 spiritum

231 1468 583 1518 extremum:
635 1481 738 1518 nec
783 1461 938 1519 enim
987 1467 1181 1537 potest
1228 1480 1348 1517 esse
1393 1461 1567 1518 miser
1612 1461 1917 1538 quisquam

231 1560 398 1598 sensu
449 1549 764 1618 perempto,
851 1545 944 1598 90.
982 1541 1067 1598 At
1122 1541 1184 1597 id
1239 1541 1429 1617 ipsum
1486 1541 1751 1598 odiosum
1809 1549 1912 1612 est,

231 1621 352 1678 sine
382 1641 548 1678 sensu
578 1640 714 1678 esse.
793 1620 1096 1691 Odiosum,
1130 1621 1177 1677 si
1211 1621 1273 1678 id
1307 1627 1454 1678 esset
1482 1639 1684 1678 carere.
1763 1620 1915 1679 Cum

229 1720 364 1757 vero
398 1701 763 1793 perspicuum
799 1701 874 1757 sit
907 1700 1050 1757 nihil
1087 1719 1257 1777 posse
1290 1701 1350 1757 in
1385 1719 1453 1758 eo
1488 1720 1624 1772 esse,
1658 1702 1756 1778 qui
1788 1702 1916 1778 ipse

229 1800 348 1837 non
378 1781 469 1853 sit,
503 1781 644 1857 quid
670 1786 863 1857 potest
892 1800 1014 1839 esse
1047 1781 1107 1838 in
1138 1801 1206 1839 eo
1238 1780 1522 1853 odiosum,
1554 1781 1654 1859 qui
1688 1801 1794 1839 nec
1828 1802 1918 1840 ca-

225 1868 352 1917 reat
404 1880 509 1918 nec
566 1862 808 1918 sentiat?
882 1860 1246 1939 Quamquam
1295 1861 1406 1919 hoc
1456 1862 1691 1954 quidem
1740 1863 1917 1920 nimis

231 1960 414 2018 saepe,
453 1942 552 1998 sed
586 1960 672 2013 eo,
705 1941 910 2019 quod
897 1961 954 1998 m
991 1941 1103 1998 hoc
1147 1942 1297 1999 inest
1339 1942 1527 1998 omnis
1569 1942 1748 1998 animi
1784 1962 1918 1999 con-

228 2022 436 2078 tractio
471 2040 539 2078 ex
573 2029 732 2079 metu
775 2022 994 2079 mortiS.
1064 2022 1179 2089 Qui
1222 2022 1377 2079 enim
1420 2022 1557 2079 satis
1590 2022 1816 2093 viderit,
1853 2022 1918 2080 id

232 2101 388 2178 quod
421 2108 508 2159 est
548 2102 674 2159 luce
709 2102 929 2172 clariuS,
965 2101 1161 2159 animo
1196 2108 1255 2159 et
1295 2120 1535 2179 corpore
1568 2111 1915 2179 consumpto

229 2189 470 2258 totoque
512 2182 802 2239 animante
845 2182 1034 2239 deleto
1069 2188 1129 2238 et
1168 2181 1327 2238 facto
1368 2182 1607 2239 interitu
1648 2183 1915 2240 universo

229 2262 374 2319 illud
401 2262 629 2334 animal,
663 2262 819 2339 quod
845 2262 1038 2333 fuerit,
1069 2261 1292 2319 factum
1321 2280 1442 2320 esse
1471 2261 1634 2333 nihil,
1665 2262 1716 2319 is
1746 2262 1917 2339 plane

229 2343 538 2419 perspiciet
565 2342 716 2399 inter
742 2343 1301 2419 Hippocentaurum,
1328 2342 1426 2418 qui
1455 2361 1769 2419 numquam
1794 2342 1919 2400 fue-

231 2422 322 2493 rit,
348 2431 406 2479 et
432 2441 626 2499 regem
648 2422 1149 2498 Agamemnonem
1179 2421 1323 2479 nihil
1354 2423 1642 2494 interesse,
1666 2441 1772 2480 nec
1793 2422 1919 2499 plu-

228 2502 308 2558 ris
336 2521 488 2559 nunc
516 2503 702 2559 facere
726 2502 802 2558 M.
829 2501 1136 2558 Camillum
1166 2501 1277 2559 hoc
1306 2502 1471 2560 civile
1491 2502 1724 2573 bellum,
1743 2520 1917 2579 quam

229 2600 339 2657 ego
362 2582 492 2638 vivo
515 2580 616 2638 illo
644 2581 879 2638 fecerim
913 2580 1161 2639 Romam
1192 2589 1435 2659 captam.
1513 2582 1633 2639 Cur
1658 2583 1839 2659 igitur
1858 2590 1919 2639 et

230 2661 507 2717 Camillus
536 2661 770 2729 doleret,
804 2660 851 2717 si
884 2659 1024 2718 haec
1059 2669 1195 2739 post
1226 2669 1515 2719 trecentos
1548 2669 1606 2720 et
1640 2663 1919 2740 quinqua-

229 2741 394 2817 ginta
421 2741 540 2797 fere
570 2759 750 2797 annos
784 2748 1057 2799 eventura
1088 2747 1334 2819 putaret,
1366 2749 1425 2799 et
1454 2762 1562 2819 ego
1592 2742 1835 2813 doleam,
1869 2743 1918 2799 si

230 2820 304 2877 ad
339 2821 537 2877 decem
570 2821 731 2877 milia
765 2840 1044 2878 annorum
1087 2827 1321 2897 gentem
1364 2822 1612 2899 aliquam
1643 2822 1783 2880 urbe
1819 2841 1919 2879 no-

231 2906 350 2957 stra
389 2901 706 2977 potituram
749 2902 984 2978 putem?
1053 2900 1203 2969 Quia
1246 2908 1411 2959 tanta
1451 2902 1656 2959 caritas
1697 2903 1917 2979 patriae

231 2986 333 3050 est,
366 2988 431 3037 ut
465 2999 591 3037 eam
626 3000 742 3037 non
780 3001 948 3039 sensu
990 2988 1207 3052 nosti-0,
1240 2982 1342 3038 sed
1374 2982 1555 3039 salute
1588 2982 1770 3059 ipsius
1802 3000 1919 3039 me-

229 3060 457 3116 tiamur.

313 3138 665 3197 XXXVIII.
753 3144 844 3196 91.
891 3138 1095 3214 Itaque
1136 3157 1255 3195 non
1304 3138 1553 3196 deterret
1598 3140 1917 3215 sapientem

230 3235 402 3288 morS,
441 3236 584 3292 quae
626 3225 864 3294 propter
904 3218 1155 3275 incertos
1188 3236 1349 3275 casus
1382 3217 1597 3275 cotidie
1630 3219 1915 3289 imminet,
