2235 3581
617 485 695 545 M.
757 487 1114 548 TULLII
1170 488 1720 549 CICERONIS

323 627 1136 708 TUSCULANARUM
1192 633 2010 709 DlsPUTATmNUM

790 783 922 856 AD
979 785 1058 858 M.
1116 784 1548 887 BRUTUM

851 946 1074 996 LIBER
1109 947 1487 998 SECUNDUS

637 1079 750 1137 DE
804 1079 1298 1141 TOLERANDO
1348 1081 1687 1142 DOLORE.
1772 1095 1777 1100 '

834 1333 1491 1384 ARGUMENTUM.

387 1425 512 1472 Post
547 1425 938 1474 cohortationem
969 1425 1032 1473 ad
1067 1425 1433 1487 philosophiam
1461 1426 1725 1487 diligenter
1752 1426 2011 1476 colendam

319 1497 372 1538 et
395 1491 590 1538 Latinis
613 1491 956 1538 illustrandam
982 1491 1177 1550 litteris,
1201 1506 1308 1553 cap.
1340 1494 1443 1552 1-3‚
1470 1507 1631 1540 sermo
1654 1492 1705 1538 in
1731 1493 2013 1540 Tusculano

321 1553 382 1602 de
406 1555 566 1603 dolore
593 1555 841 1604 tolerando
859 1557 1115 1615 institutus
1134 1557 1417 1618 exponitur.
1494 1557 1545 1604 Is
1565 1556 1761 1604 ducitur
1780 1558 1843 1604 ab
1866 1573 2013 1605 exor-

320 1621 405 1668 dio
428 1622 491 1668 de
513 1621 852 1684 philosophiae
875 1622 1123 1681 laudibus,
1151 1631 1202 1668 et
1230 1621 1469 1668 auditoris
1496 1623 1745 1670 sententia
1768 1623 1831 1670 de
1852 1623 2009 1671 malo-

321 1701 434 1734 rum
460 1687 641 1735 finibus
667 1687 720 1734 in
755 1687 925 1735 dolore
961 1687 1201 1750 ponendis
1236 1687 1330 1735 hoc
1364 1688 1587 1736 maxime
1614 1697 1909 1747 argumento
1936 1704 2010 1738 re-

320 1751 520 1813 fellitur,
551 1753 682 1815 quod
712 1752 926 1801 dedecus
951 1769 1098 1816 quam
1130 1753 1273 1801 dolor
1300 1754 1460 1801 maius
1490 1754 1554 1801 sit
1582 1754 1785 1814 malum,
1820 1769 1925 1819 cap.
1956 1759 2003 1804 5.

320 1818 518 1867 Deinde
537 1820 740 1867 docetur
763 1821 966 1867 omniuo
991 1834 1053 1867 ne
1076 1820 1265 1867 malum
1290 1820 1490 1882 quidem
1510 1836 1617 1869 esse
1642 1820 1878 1870 dolorem.
1948 1822 2009 1869 In

321 1899 422 1946 quo
457 1886 674 1947 primum
714 1886 989 1933 multorum
1035 1884 1445 1947 philosophorum
1491 1886 1885 1934 imbecillitatem
1924 1886 2010 1935 de-

319 1959 582 1999 monstrat.
649 1951 961 2013 Aristippum
995 1952 1131 1998 enim
1168 1951 1478 2000 Socraticum
1507 1966 1606 1998 non
1640 1952 1894 2001 dubitasse
1922 1952 2010 2001 do—

321 2014 478 2064 lorem
514 2032 764 2063 summum
793 2016 982 2063 malum
1009 2016 1189 2076 dicere,
1220 2032 1375 2079 quem
1404 2016 1653 2079 Epicurus
1690 2028 1886 2066 secutus
1922 2019 2003 2077 sit,

322 2080 689 2143 Hieronymum
715 2092 884 2131 autem
918 2082 1172 2137 Rhodium
1207 2098 1457 2129 summum
1492 2083 1677 2130 bonum
1704 2084 1928 2145 posuisse
1955 2083 2007 2130 in

320 2146 570 2195 vacuitate
621 2148 819 2195 doloris,
883 2148 1090 2197 Ceteros
1132 2158 1327 2209 praeter
1379 2149 1648 2208 Zenonem,
1695 2150 2001 2207 Aristonem,

321 2212 652 2275 Pyrrhonem,
693 2214 885 2261 malum
934 2222 1149 2275 putasse.
1224 2214 1409 2261 Poetas
1440 2228 1635 2275 quoque
1672 2214 1735 2261 ab
1772 2214 1866 2262 hac
1902 2214 2008 2277 opi-

321 2280 468 2325 nione
496 2294 595 2325 non
625 2279 811 2339 abesse,
833 2278 967 2341 quod
996 2279 1236 2326 inducant
1268 2294 1487 2326 summos
1514 2279 1741 2326 homines
1769 2280 1817 2326 in
1848 2280 2007 2327 acutis

320 2343 572 2399 doloribus
609 2360 710 2392 non
744 2344 953 2394 viriliter
996 2344 1345 2403 lamentanteS,
1383 2358 1490 2405 cap.
1525 2346 1671 2391 6—12.
1739 2344 2007 2391 Contortas

321 2424 439 2457 vero
465 2424 573 2457 esse
601 2424 684 2457 eas
712 2410 944 2468 rationes,
971 2410 1149 2471 quibus
1186 2409 1235 2456 in
1267 2409 1554 2469 frangendis
1588 2410 1665 2456 his
1693 2409 2005 2471 opinionibus

319 2483 527 2523 utantur
551 2476 720 2535 Stoici,
749 2490 934 2538 eosque
963 2475 1171 2523 definire
1198 2476 1307 2523 aliis
1332 2475 1493 2523 verbis
1521 2474 1757 2535 dolorem,
1788 2490 1887 2523 non
1913 2476 2006 2523 tol-

319 2540 437 2589 lere.
491 2541 697 2589 .Verum
737 2540 890 2601 igit-ur
928 2541 1022 2589 hoc
1061 2556 1187 2601 esse,
1220 2541 1443 2588 dolorem
1483 2540 1859 2601 opprimendum
1899 2556 2005 2589 esse

319 2606 563 2667 patientia
594 2608 658 2654 et'
682 2606 990 2667 fortitudine,
1022 2606 1172 2669 idque
1205 2606 1389 2667 partim
1428 2606 1787 2654 exercitatione
1816 2607 1923 2655 fieri
1956 2618 2005 2655 et

319 2672 692 2732 consuetudine,
720 2686 828 2735 cap.
855 2674 1032 2727 13-17‚
1055 2672 1239 2733 partim
1262 2671 1457 2719 ratione
1478 2680 1529 2719 et
1552 2671 1807 2734 sapientia,
1830 2673 1881 2720 in
1908 2688 2004 2735 quo

319 2737 445 2784 nihil
467 2738 652 2800 profici
687 2737 834 2786 docet
870 2737 1062 2785 ratione
1090 2737 1311 2799 Epicuri,
1339 2736 1543 2797 longum
1574 2738 1795 2785 dolorem
1823 2739 1999 2796 levem,

319 2818 521 2863 gravem
553 2814 730 2851 'autem
769 2804 966 2851 brevem
1002 2817 1110 2849 esse
1145 2802 1405 2860 censentiS‚
1441 2805 1647 2864 cap.18‚
1674 2806 1752 2852 19.
1801 2804 2005 2866 ‚Itaque

319 2870 536 2930 primum
573 2879 800 2931 oportere
832 2870 924 2915 hoc
961 2868 1054 2915 sibi
1083 2882 1331 2930 quemque
1359 2868 1668 2929 persuadere,
1700 2868 1825 2916 nihil
1852 2869 2005 2916 hone-

319 2934 444 2982 stius
468 2949 575 2981 esse
599 2951 656 2981 nc
679 2934 992 2993 laudabilius,
1015 2948 1078 2980 ne
1097 2933 1361 2995 optabilius
1378 2934 1579 2994 quidem
1600 2950 1753 2997 quam
1770 2934 1897 2982 ferre
1917 2934 2005 2981 do-

317 2999 502 3047 lorem:
543 3000 723 3048 deinde
747 3000 840 3047 sibi
863 3000 1026 3061 ipsum
1055 2998 1314 3060 imperare.
1388 2999 1521 3045 Nam
1546 3000 1782 3062 quoniam
1807 3000 2004 3047 animus

318 3066 384 3113 sit
411 3066 462 3113 in
491 3075 657 3128 partes
681 3065 896 3113 tributus
919 3064 1060 3121 duas,
1082 3064 1295 3111 alteram
1318 3063 1526 3111 rationis
1550 3066 1866 3127 participem,
1884 3064 2005 3112 alte-

317 3146 427 3179 ram
465 3139 740 3193 expertem,
784 3130 922 3177 illam
972 3129 1086 3177 huic
1134 3130 1397 3191 imperare,
1444 3138 1699 3191 tamquam
1744 3128 2001 3195 dominum

316 3211 476 3257 serm,
509 3196 562 3245 id
591 3205 681 3259 est,
712 3196 904 3244 ratione
935 3195 1149 3243 coerceri
1182 3195 1513 3243 temeritatem
1551 3202 1792 3256 oportere.
1869 3194 1923 3243 Si
1951 3208 2003 3241 se
2058 3200 2063 3203 '
