2235 3581
249 172 328 219 :56
487 167 1080 224 TUSCULANARUM
1127 172 1610 223 DISPUTATION
1618 173 1725 222 UM

263 275 376 331 nisi
417 273 731 332 admodum
778 293 1008 352 paucOS,
1041 275 1317 352 aquibus
1351 275 1598 346 inventa,
1636 276 1943 353 disputata,

265 354 592 431 conscripta
619 356 791 412 sunt?
858 354 1084 423 Quotus
1120 355 1272 411 enim
1306 355 1543 432 quisque
1578 355 1943 433 philosopho-

265 453 391 490 rum
422 435 712 492 invenitur
741 435 841 511 qui
875 435 949 491 sit
983 435 1068 491 ita
1099 442 1373 506 morat-US,
1406 435 1487 491 ita
1515 437 1707 492 animo
1737 455 1802 493 ac
1833 437 1948 496 vita

265 514 632 585 constitutuS,
665 522 730 572 ut
759 515 906 571 ratio
941 515 1234 592 postulat?
1264 516 1362 592 qui
1392 515 1753 592 disciplinam
1784 537 1945 574 suam

263 613 381 650 non
415 595 861 652 ostentationem
899 595 1183 664 scientiae,
1216 594 1316 652 sed
1349 595 1536 672 legem
1566 596 1715 652 vitae
1744 599 1947 673 putet?

264 674 363 750 qui
389 674 748 751 obtemperet
776 675 900 752 ipse
930 674 1039 731 sibi
1061 682 1121 731 et
1150 673 1392 732 decretis
1420 675 1537 732 suis
1558 678 1791 752 pareat?
1849 683 1940 735 12.

263 753 480 811 Videre
515 754 650 812 licet
685 756 826 812 alios
859 761 1022 812 tanta
1063 753 1294 812 levitate
1328 761 1387 812 et
1420 755 1744 827 iactatione,
1769 761 1851 822 ‚ut‘
1874 757 1946 814 iis

262 833 439 892 fuerit
473 854 592 891 non
630 835 898 892 didicisse
937 834 1163 904 meliuS,
1194 834 1335 891 alios
1374 836 1651 912 pecuniae
1686 837 1941 914 cupidos,

262 914 478 988 gloriae
508 934 627 971 non
658 915 862 985 nullos,
895 914 1109 971 multos
1143 913 1448 972 libidinum
1479 935 1687 984 schOS,
1719 925 1783 973 ut
1812 936 1944 974 cum

263 1012 462 1050 eorum
489 995 606 1050 vita
633 994 973 1052 mirabiliter
999 1001 1220 1072 pugnet
1242 995 1441 1052 oratio,
1516 994 1688 1063 Quod
1711 997 1944 1074 quidem

262 1073 409 1131 mihi
443 1074 672 1131 videtur
713 1093 834 1132 esse
875 1075 1290 1152 turpissimum.
1368 1074 1457 1133 Ut
1490 1076 1643 1132 enim
1680 1077 1729 1132 si
1762 1095 1946 1153 gram-

263 1153 538 1210 maticum
571 1174 631 1211 se
659 1155 952 1230 professus
975 1155 1258 1232 quispiam
1289 1154 1524 1212 barbare
1553 1155 1820 1233 loquatur
1846 1165 1945 1214 aut

263 1233 310 1290 si
341 1233 582 1292 absurde
615 1241 781 1292 canat
808 1235 873 1305 is,
901 1235 999 1312 qui
1028 1253 1088 1292 se
1117 1234 1315 1292 haberi
1342 1235 1481 1292 velit
1506 1237 1809 1307 musicum,
1832 1237 1943 1294 hoc

261 1314 487 1390 turpior
523 1315 613 1386 sit,
641 1315 795 1392 quod
830 1315 890 1371 in
925 1334 994 1372 eo
1024 1315 1150 1391 ipso
1180 1321 1393 1391 peccet,
1420 1315 1581 1372 cuius
1607 1315 1945 1393 profiteatur

263 1394 580 1465 scientiam,
619 1396 699 1452 sic
740 1395 1121 1472 philosophus
1162 1395 1219 1450 in
1257 1394 1407 1452 vitae
1449 1394 1669 1453 ratione
1703 1415 1944 1473 peccans

232 1473 372 1544 ‘hoc
409 1475 634 1552 turpior
667 1482 768 1546 est,
803 1475 957 1552 quod
992 1475 1051 1531 in
1083 1473 1288 1546 offici0,
1320 1475 1482 1532 cuius
1515 1476 1788 1552 magister
1824 1497 1943 1535 esse

260 1555 400 1625 vult,
421 1542 633 1613 labitur
645 1563 940 1632 artemque
954 1556 1104 1612 vitae
1120 1555 1413 1632 professus
1430 1555 1715 1633 delinquit
1731 1557 1791 1614 in
1808 1557 1938 1614 vita.

341 1637 415 1694 V.
495 1635 567 1694 A.
606 1636 816 1693 Nonne
850 1635 1161 1692 verendum
1196 1641 1284 1692 est
1322 1635 1513 1711 igitur,
1547 1635 1595 1692 si
1629 1643 1715 1693 est
1748 1637 1845 1708 ita,
1877 1645 1943 1694 ut

261 1715 421 1788 dicis,
438 1735 510 1774 ne
533 1706 958 1794 philosophiam
978 1714 1127 1772 falsa
1145 1715 1328 1793 gloria
1344 1734 1583 1772 exornes
1600 1717 1619 1773 2
1668 1715 1837 1784 Quod
1856 1724 1943 1774 est

260 1797 415 1854 enim
457 1798 644 1854 maius
668 1804 1084 1873 argumentum
1126 1795 1271 1852 nihil
1306 1815 1428 1853 eam
1464 1797 1735 1873 prodesse
1770 1817 1940 1875 quam

263 1876 539 1953 quosdam
571 1876 858 1954 perfectos
884 1876 1263 1953 philosophos
1291 1876 1539 1953 turpiter
1567 1877 1789 1935 vivere?

345 1962 434 2014 13.
481 1957 558 2015 M.
600 1956 838 2014 Nullum
867 1974 1001 2013 vero
1037 1956 1099 2013 id
1135 1956 1367 2033 quidem
1402 1965 1805 2033 argumentum
1836 1965 1937 2017 est.

260 2035 409 2093 Nam
433 2045 499 2095 ut
527 2038 649 2114 agri
679 2056 793 2093 non
825 2056 1024 2094 omnes
1052 2036 1321 2113 frugiferi
1351 2044 1501 2109 sunt,
1528 2038 1625 2115 qui
1655 2038 1937 2113 coluntur,

258 2116 582 2194 falsumque
612 2117 753 2174 illud
776 2117 973 2174 Accii:

455 2229 650 2277 Probae
672 2230 764 2277 etsi
790 2230 839 2276 in
865 2236 1081 2289 segetem
1107 2236 1223 2276 sunt
1245 2228 1538 2276 deteriorem
1564 2228 1711 2277 datae

451 2295 660 2356 F1·uge5‚
681 2304 844 2343 tamen
870 2295 1008 2357 ipsae
1031 2301 1203 2356 suapte
1226 2302 1406 2341 natura
1428 2294 1632 2355 enitent,

259 2422 339 2480 sic
371 2421 552 2479 animi
584 2440 702 2478 non
737 2439 936 2477 omnes
969 2419 1111 2477 culti
1146 2419 1402 2476 fructum
1434 2418 1646 2476 ferunt.
1724 2417 1935 2497 Atque,
1976 2419 1982 2429 '

258 2510 324 2559 ut
364 2502 424 2558 in
467 2501 672 2559 eodem
716 2500 889 2556 simili
922 2518 1126 2569 verser,
1164 2505 1230 2555 ut
1271 2517 1407 2575 ager
1440 2499 1701 2575 quamvis
1732 2500 1940 2557 fertilis

257 2583 379 2639 sine
409 2582 632 2639 cultura
657 2580 986 2638 fructuosus
1015 2599 1136 2637 esse
1164 2598 1283 2635 non
1313 2584 1522 2655 potest,
1548 2578 1629 2635 sic
1658 2579 1779 2637 sinc
1808 2579 1940 2637 doc·

256 2663 408 2719 trina
429 2662 669 2719 animus,
757 2659 848 2718 Ita
874 2666 961 2717 est
984 2666 1224 2736 utraque
1252 2678 1340 2716 res
1363 2658 1485 2716 sine
1514 2658 1689 2716 altera
1716 2659 1935 2717 debilis.

257 2742 498 2799 Cultura
525 2748 716 2798 autem
747 2740 926 2797 animi
959 2739 1331 2817 philosophia
1358 2745 1477 2796 est:
1520 2738 1662 2796 haec
1692 2740 1939 2799 extrahit

257 2823 399 2879 vitia
430 2822 703 2879 radicitus
741 2827 800 2878 et
840 2827 1141 2897 praeparat
1183 2819 1407 2877 animos
1440 2819 1514 2875 ad
1548 2826 1703 2879 satus
1737 2820 1941 2897 accipi-

257 2902 438 2959 endos
467 2921 644 2978 caque
677 2901 917 2959 mandat
949 2900 1020 2957 iis
1053 2898 1227 2971 et,’ut
1258 2899 1343 2957 ita
1370 2898 1576 2970 dicam,
1610 2900 1762 2971 serit,
1796 2920 1939 2976 quae

257 2982 453 3039 adulta
478 2983 701 3039 fructus
730 2981 1048 3038 uberrimos
1075 2981 1281 3038 ferant.
1360 2978 1621 3055 Agamus
1650 2980 1843 3058 igitur,
1876 2987 1940 3037 ut

257 3062 568 3139 coepimus,
653 3062 782 3133 Dic,
809 3062 855 3119 si
879 3062 978 3132 viS,
1005 3061 1076 3118 de
1100 3080 1215 3137 quo
1244 3060 1526 3136 disputari
1550 3060 1702 3119 velis.

341 3147 432 3200 14.
471 3142 542 3199 A.
579 3141 855 3199 Dolorem
887 3140 1153 3199 existimo
1176 3139 1493 3197 maximum
1514 3140 1797 3199 malorum
1820 3159 1938 3199 om-

259 3241 434 3281 mum.
