2235 3581
686 165 826 214 LIB.
867 165 987 228 IV„
1019 165 1177 217 CAP.
1212 165 1633 216 xxm-XXIV.
1909 167 2003 214 133

318 275 594 345 guentem
621 265 855 344 reliquit
883 273 1054 344 atque
1083 267 1206 342 ipse
1234 267 1505 343 privatim,
1531 273 1597 323 ut
1626 266 1674 323 si
1703 266 1901 323 consul
1924 285 2005 324 es-

319 355 423 420 set,
457 347 555 425 qui
598 365 717 404 rem
753 345 1042 422 publicam
1077 347 1289 402 salvam
1332 366 1451 404 esse
1486 346 1711 416 vellent,
1744 367 1803 404 se
1842 348 2003 424 sequi

317 428 499 485 iussit.
581 433 673 484 52.
711 426 920 484 Nescio
944 427 1149 504 ecquid
1172 427 1283 504 ipsi
1306 446 1412 483 nos
1433 427 1665 484 fortiter
1691 427 1751 482 in
1781 447 1839 484 re
1861 427 2005 503 pub-

317 509 428 565 lica
455 507 795 564 fecerimus:
841 507 889 563 si
919 507 1059 583 quid
1087 506 1350 577 fecimus,
1381 516 1531 564 certe
1560 507 1691 564 irati
1720 526 1837 564 non
1868 507 2002 564 feci-

319 607 463 645 mus,
541 588 638 644 An
668 593 756 644 est
785 587 1098 664 quidquam
1132 586 1373 643 similius
1400 588 1655 644 insaniae
1686 606 1857 665 qnam
1887 587 2001 645 ira?

318 687 490 744 quam
513 667 659 724 bene
681 667 902 724 Ennius
919 667 1157 722 initium
1176 666 1323 723 dixit
1343 667 1615 725 insaniae.
1662 667 1853 738 Color,
1871 687 1999 738 vox,

317 748 486 818 oculi,
504 748 755 824 spirituS,
772 748 1120 824 impotentia
1137 747 1422 804 dictorum
1440 767 1505 804 ac
1522 749 1807 806 factorum
1829 766 1999 825 quam

315 837 538 903 partem
582 827 798 884 habent
839 827 1143 885 sanitatis?
1218 826 1373 895 Quid
1414 828 1643 885 Achille
1685 828 1999 886 Homerico

315 908 560 980 foediuS,
589 908 734 984 quid
751 907 1235 983 Agamemnone
1220 926 1280 964 m
1303 908 1525 984 iurgio,
1510 909 1531 950 2
1585 908 1737 965 Nam
1759 909 1995 966 Aiacem

315 988 594 1080 quidem‘
580 1008 664 1045 ira
697 987 770 1045 ad
803 989 1057 1045 furorem
1093 996 1456 1066 mortemque
1490 989 1778 1066 perduxit.
1864 988 1997 1046 Non

313 1069 493 1137 iovitur
547 1069 834 1126 desiderat
888 1068 1195 1125 fortitudo
1234 1067 1568 1126 advocatam
1624 1069 1995 1126 iracundiam.

313 1117 466 1205 Satis
509 1156 596 1206 est
637 1149 932 1218 instructa,
970 1155 1183 1225 parata,
1222 1156 1440 1206 armata
1480 1169 1584 1226 per
1625 1167 1760 1207 sese.
1847 1149 1997 1206 Nam

313 1229 426 1285 isto
455 1229 632 1286 modo
662 1229 895 1306 quidem
926 1228 1066 1286 licet
1087 1229 1277 1286 dicere
1306 1229 1506 1286 utilem
1529 1229 1899 1286 vinolentiam
1926 1229 2000 1286 ad

311 1309 736 1380 fortitudinem,
773 1309 974 1366 utilem
1019 1309 1195 1366 etiam
1238 1309 1607 1379 dementiam,
1634 1310 1789 1386 quod
1825 1317 1885 1366 et
1918 1310 2001 1365 in-

312 1389 435 1445 sani
465 1397 523 1447 et
552 1389 694 1446 ebrii
723 1389 907 1446 multa
927 1390 1152 1446 faciunt
1180 1409 1347 1466 saepe
1371 1390 1780 1448 vehementius,
1844 1389 1997 1447 Sem-

310 1487 416 1546 per
437 1468 586 1526 Aiax
613 1469 804 1540 fortis»,
828 1469 1181 1526 fortissimus
1209 1477 1401 1526 tamen
1434 1469 1492 1526 in
1524 1471 1747 1527 furore:

375 1605 512 1652 Nam
534 1604 726 1654 facinus
749 1604 867 1652 fecit
889 1604 1187 1670 maximum,
1210 1619 1324 1654 cum
1348 1605 1540 1652 Danais
1562 1604 1915 1652 inclinantibus

377 1670 636 1720 Summam
661 1685 765 1718 rem
789 1669 995 1733 perfecit
1018 1685 1184 1728 manu,
1204 1670 1445 1732 proelium
1470 1671 1684 1719 restituit
1707 1670 1975 1720 insaniens

392 1790 618 1849 XXIV.
708 1797 800 1848 53.
853 1790 1131 1849 Dicamus
1187 1790 1366 1867 igitur
1421 1792 1622 1849 utilem
1678 1792 1998 1852 insaniam?

310 1872 517 1929 Tracta
559 1871 922 1929 definitiones
963 1872 1344 1943 fortitudiniS,
1376 1872 1673 1949 intelleges
1715 1892 1841 1930 eam
1885 1882 1998 1930 sto-

309 1952 516 2009 macho
546 1971 663 2009 non
694 1970 874 2029 egere.
962 1951 1267 2009 Fortitudo
1298 1960 1385 2010 est
1413 1953 1593 2029 igitur
1620 1953 1873 2011 adfectio
1902 1972 1997 2011 an-

309 2032 415 2089 imi
443 2032 556 2109 legi
585 2051 842 2089 summae
869 2033 930 2089 in
952 2032 1344 2109 perpetiendis
1372 2032 1543 2091 rebus
1571 2033 1992 2110 obtemperans»,

310 2112 399 2169 vel
427 2112 784 2170 conservatio
814 2111 1035 2170 stabilis
1064 2112 1264 2169 iudicii
1295 2114 1355 2169 in
1386 2114 1467 2170 eis
1496 2113 1679 2183 rebUS‚
1708 2134 1851 2191 quae
1880 2116 1996 2171 for-

309 2192 626 2251 midolosae
655 2192 938 2262 videntur,
963 2192 1275 2249 subeundis
1305 2200 1363 2250 et
1392 2193 1749 2269 repellendiS,
1773 2194 1862 2251 vel
1893 2194 1995 2251 sci-

310 2272 469 2329 entia
517 2292 706 2329 rerum
759 2272 1265 2329 formidolosarum
1318 2274 1844 2349 contrariarumque
1894 2284 1995 2332 aut

311 2353 548 2409 omnino
571 2352 1074 2429 neglegendarum,
1095 2372 1435 2410 conservans
1458 2372 1652 2410 earum
1676 2373 1863 2410 rerum
1887 2361 1995 2411 sta-

309 2432 424 2489 bile
465 2433 761 2503 iudicium,
795 2433 881 2490 vel
917 2433 1159 2503 breviuS,
1190 2440 1256 2489 ut
1284 2433 1862 2510 Chrysippus—nam
1907 2455 1973 2492 su

309 2513 562 2589 periores
585 2512 948 2570 definitiones
971 2520 1133 2570 erant
1154 2512 1412 2589 Sphaeri,
1437 2513 1689 2570 hominis
1710 2514 1767 2571 in
1793 2515 1993 2591 primis

307 2592 454 2650 bene
478 2592 820 2664 definientiS‚
841 2602 906 2650 ut
927 2600 1137 2670 putant
1165 2592 1379 2651 Stoici:
1424 2603 1557 2651 sunt
1579 2595 1732 2651 enim
1756 2596 1993 2653 omnino

309 2692 510 2730 omnes
531 2674 651 2730 fere
674 2673 902 2744 simileS,
921 2674 1021 2731 sed
1042 2673 1331 2731 declarant
1354 2693 1687 2731 communes
1710 2676 1991 2748 notioneS,

309 2753 420 2810 alia
446 2754 632 2830 magis
660 2752 966 2831 alia—quo
994 2754 1174 2811 modo
1204 2754 1381 2830 igitur
1402 2754 1796 2832 Chrysippus?
1862 2756 1995 2813 For-

308 2834 500 2891 titudo
535 2841 636 2905 cst,
669 2834 877 2912 inquit,
915 2834 1153 2891 scientia
1186 2854 1374 2891 rerum
1408 2836 1875 2910 perferendarum
1905 2838 1993 2895 vel

308 2914 562 2971 adfectio
605 2914 783 2971 animi
825 2914 885 2971 in
927 2914 1201 2990 patiendo
1243 2934 1309 2971 ac
1350 2915 1693 2992 perferendo
1738 2935 1993 2975 summae

307 2994 423 3071 legi
465 3013 670 3071 parens
713 2995 834 3051 sine
876 2994 1099 3051 timore.
1174 2993 1449 3062 Quamvis
1483 2995 1616 3051 licet
1649 2995 1995 3053 insectemur

307 3074 467 3146 istos,
492 3082 559 3131 ut
581 3074 900 3131 Carneades
931 3074 1166 3145 solebat,
1192 3083 1387 3131 metuo
1418 3094 1489 3131 ne
1524 3074 1629 3131 soli
1656 3074 1994 3151 philosophi

307 3156 440 3213 sint.
519 3154 678 3223 Quae
728 3155 882 3211 enim
923 3154 1161 3211 istarum
1205 3154 1607 3211 definitionum
1650 3173 1768 3209 non
1810 3155 1993 3230 aperit

307 3235 610 3293 notionem
637 3242 912 3305 nostram,
935 3254 1105 3311 quam
1138 3234 1413 3293 habemus
1442 3253 1641 3291 omnes
1670 3233 1742 3291 de
1763 3233 1990 3291 fortitu-

2070 3418 2215 3517 A
