2235 3581
804 160 944 209 ΜΒ.
983 162 1051 223 1.‚
1084 161 1239 210 cAr.
1271 161 1532 210 v111.-X.
1953 163 2010 210 11

329 261 588 320 animum
628 269 686 320 et
720 282 925 340 corpus
959 262 1217 321 occidere
1258 263 1629 340 animumque
1670 263 1732 319 in
1774 269 2013 339 corpore

332 342 636 418 exstingui.
714 341 828 412 Qui
870 342 1161 400 discedere
1195 343 1451 399 animum
1487 348 1734 413 censent,
1765 343 1863 405 alii
1905 350 2015 400 sta-

329 423 439 480 tim
468 423 750 500 dissipari,
784 423 877 480 alii
909 423 1011 480 diu
1039 442 1388 499 permanere,
1414 422 1512 479 alii
1541 441 1777 499 semper.
1856 421 2014 492 Quid

330 503 405 559 sit
432 522 606 580 porro
632 505 756 580 ipse
779 503 1003 560 animus
1024 510 1126 560 aut
1153 502 1254 559 ubi
1275 509 1376 560 aut
1395 502 1549 560 unde
1571 521 1780 579 magna
1801 502 2013 559 dissen-

330 584 415 640 sio
444 590 544 640 est.
622 583 773 640 Aliis
807 603 907 642 cor
938 584 1129 660 ipsum
1165 583 1392 656 animus
1413 582 1654 654 videtur,
1686 603 1756 639 ex
1786 602 1900 659 quo
1929 602 2014 639 ex—

328 665 531 734 cordes,
557 665 821 735 vecorde&
846 663 1250 739 concordesque
1285 662 1556 720 dicuntur
1588 669 1647 719 et
1680 661 1890 720 Nasica
1918 662 2011 720 ille

326 744 578 820 prudens
606 743 695 801 bis
724 744 923 802 consul
956 743 1264 802 Corculum
1293 750 1352 801 et

544 865 760 926 Egregie
782 865 1011 914 cordatus
1034 865 1201 923 home,
1227 873 1366 912 catus
1387 863 1560 911 Aelius
1583 821 1782 914 ngtuS.

331 985 423 1038 19.
468 980 849 1057 Empedocles
876 981 1134 1038 animum
1165 1000 1286 1038 esse
1316 986 1510 1038 censet
1539 980 1698 1038 cordi
1729 981 2010 1039 suffusum

325 1061 677 1137 sanguinem.
756 1060 906 1117 Aliis
928 1081 1060 1137 pars
1088 1061 1370 1139 quaedam
1405 1059 1620 1119 cerebri
1648 1061 1770 1118 visa
1803 1067 1888 1118 est
1917 1081 2012 1118 an-

324 1140 428 1197 imi
464 1141 853 1218 principatum
895 1147 1105 1198 tenere.
1182 1140 1334 1198 Aliis
1374 1160 1479 1198 nec
1521 1161 1620 1198 cor
1660 1141 1853 1217 ipsum
1895 1141 2012 1218 pla-

324 1227 416 1278 cet
448 1240 552 1278 nec
586 1219 801 1278 cerebri
836 1221 1146 1298 quamdam
1188 1228 1410 1298 partem
1453 1241 1575 1278 esse
1609 1223 1883 1293 animum,
1909 1221 2010 1279 sed

324 1301 422 1358 alii
453 1301 513 1357 in
547 1301 736 1369 corde,
768 1299 865 1358 alii
898 1302 961 1357 in
992 1301 1224 1359 cerebro
1259 1301 1528 1358 dixerunt
1560 1301 1739 1358 animi
1775 1321 1895 1358 esse
1929 1322 2011 1359 se-

324 1381 457 1438 dem
480 1388 538 1438 et
558 1381 766 1440 locum.
844 1381 1129 1438 Animum
1158 1388 1352 1439 autem
1373 1381 1469 1438 alii
1497 1382 1767 1452 animam,
1795 1389 1860 1438 ut
1887 1381 2009 1439 fere

324 1461 521 1518 nostri.
604 1461 875 1519 Declarat
905 1480 1135 1519 nomen.
1222 1461 1373 1518 Nam
1403 1468 1462 1518 et
1482 1481 1643 1535 ayere
1664 1463 1920 1518 animam
1951 1469 2009 1518 et

322 1542 507 1615 efflare
538 1541 787 1599 dicimus
836 1547 894 1598 et
941 1542 1225 1598 animosos
1265 1548 1324 1598 et
1363 1542 1488 1598 bene
1529 1543 1814 1598 animatos
1855 1548 1913 1598 et
1945 1561 2010 1598 ex

322 1622 507 1677 animi
527 1622 799 1679 sententia
816 1641 834 1677 .·
870 1623 993 1699 ipse
1022 1629 1215 1680 autem
1245 1623 1470 1679 animus
1499 1621 1570 1678 ab
1599 1623 1792 1678 anima
1819 1622 2008 1679 dictus

324 1708 424 1758 est.
508 1702 727 1759 Zenoni
769 1701 966 1759 Stoico
1000 1702 1226 1759 animus
1268 1703 1420 1779 ignis
1453 1702 1694 1760 videtur.
1779 1702 1854 1759 X.
1892 1702 2008 1760 Sed

322 1782 462 1840 haec
498 1782 747 1861 quidem,
775 1802 920 1860 quae
953 1783 1091 1855 dixi,
1116 1802 1231 1855 cor,
1255 1777 1660 1860 [sanquinem]
1692 1782 2003 1855 cerebrum,

322 1863 590 1934 animam,
616 1865 811 1939 ignem
834 1864 1041 1940 vulgo:
1077 1864 1297 1940 reliqua
1323 1864 1443 1921 fere
1473 1864 1701 1941 singuli.
1789 1870 1881 1922 20.
1919 1864 2008 1922 Ut

321 1943 491 2001 multi
525 1950 657 2001 ante
686 1950 919 2014 vetereS,
950 1945 1214 2020 proxime
1248 1950 1440 2001 autem
1463 1945 1860 2016 AristoxenuS,
1885 1964 2008 2001 mu-

322 2022 472 2080 sicus
512 2023 781 2101 idemque
828 2022 1226 2100 philosophus,
1257 2024 1438 2101 ipsius
1479 2026 1739 2101 corporis⁴
1777 2025 2008 2083 intenti-

322 2102 493 2161 onem
524 2103 848 2181 quamdam,
873 2104 1031 2161 velut
1062 2104 1124 2161 in
1155 2111 1327 2161 cantu
1364 2112 1424 2163 et
1461 2104 1672 2162 fidibus
1707 2124 1850 2181 quae
1883 2104 2008 2161 har-

320 2184 519 2241 monia
545 2184 771 2255 dicitur,
798 2184 877 2241 sic
907 2202 977 2241 ex
1009 2185 1268 2261 corporis
1295 2185 1477 2242 totius
1505 2192 1711 2241 natura
1737 2192 1796 2241 et
1823 2184 2008 2261 figura

322 2264 509 2321 varios
528 2270 723 2321 motus
743 2264 879 2321 cieri
905 2270 1204 2341 tamquam
1230 2265 1292 2321 in
1323 2271 1494 2322 cantu
1517 2283 1703 2322 sonos.
1789 2265 1904 2322 Hic
1934 2265 2006 2322 ab

322 2343 564 2401 artificio
587 2363 691 2401 suo
714 2363 831 2401 non
860 2345 1091 2402 recessit
1114 2351 1173 2402 et
1199 2351 1394 2401 tamen
1425 2344 1572 2401 dixit
1593 2343 1827 2421 aliquid,
1851 2346 2008 2421 quod

322 2424 513 2501 ipsum
550 2424 713 2503 quale
748 2432 897 2483 esset
930 2432 1051 2482 erat
1088 2424 1276 2482 multo
1309 2430 1442 2482 ante
1477 2431 1535 2481 et
1569 2424 1790 2481 dictum
1825 2433 1884 2481 et
1917 2445 2010 2482 ex-

322 2504 619 2581 planatum
660 2525 695 2562 a
726 2505 985 2563 Platone.
1072 2505 1427 2563 Xenocrates
1461 2504 1639 2562 animi
1672 2504 1913 2581 figuram
1949 2512 2008 2563 et

324 2585 486 2661 quasi
524 2604 733 2662 corpus
775 2586 1008 2662 negavit
1053 2604 1174 2643 esse
1215 2603 1447 2643 verum:
1511 2605 1815 2643 numerum
1859 2585 2008 2643 dixit

322 2684 460 2737 esse,
492 2666 654 2723 cuius
682 2666 784 2737 viS,
817 2673 883 2723 ut
923 2666 1041 2722 iam
1083 2672 1216 2723 ante
1250 2665 1618 2743 Pythagorae
1646 2666 1832 2723 visum
1867 2672 2003 2737 erat,

322 2745 383 2802 in
416 2755 621 2803 natura
660 2747 913 2804 maxima
946 2752 1109 2804 esset.
1195 2746 1336 2803 Eius
1379 2746 1583 2803 doctor
1614 2746 1784 2803 Plato
1826 2745 2008 2822 tripli-

322 2844 447 2882 cem
502 2826 671 2884 finxit
724 2828 1000 2899 animum,
1036 2827 1200 2885 cuius
1240 2826 1644 2904 principatum,
1682 2826 1744 2883 id
1786 2834 1887 2897 est,
1924 2844 2008 2883 ra-

322 2906 541 2965 tionem
571 2908 633 2964 in
667 2909 853 2984 capite
888 2908 1036 2965 sicut
1068 2908 1131 2964 in
1166 2927 1291 2965 arce
1325 2907 1536 2984 posuit,
1562 2914 1621 2964 et
1649 2907 1790 2964 duas
1818 2914 2008 2985 partes

322 2987 376 3043 ei
394 3006 604 3063 ,parere
625 2988 825 3060 voluit,
856 2988 1001 3044 iram
1036 2995 1093 3045 et
1128 2988 1522 3065 cupiditatem,
1555 3007 1695 3064 quas
1728 2988 1868 3045 locis
1897 2986 2009 3044 dis-

323 3067 522 3125 clusit:
556 3068 699 3125 iram
719 3068 779 3123 in
803 3075 1049 3145 pectore,
1067 3068 1446 3146 cupiditatem
1469 3068 1662 3124 subter
1678 3066 2008 3143 praecordia

321 3146 549 3205 locavit.
634 3152 726 3205 21.
758 3147 1143 3206 Dicaearchus
1161 3155 1351 3205 autem
1374 3148 1435 3203 in
1452 3167 1519 3204 eo
1539 3166 1816 3218 sermone,
1834 3166 2004 3223 quem

322 3225 593 3285 Corinthi
647 3228 910 3286 habitum
964 3227 1152 3285 tribus
1198 3228 1359 3284 libris
1413 3227 1666 3305 exponit,
1703 3226 2006 3285 doctorum
