2235 3581
172 157 235 204 26
392 154 983 205 TUSCULANARUM
1028 154 1628 228 DISPUTATIONUM

170 262 259 314 est
305 255 464 314 aliud
518 257 735 314 discere
795 257 909 313 nisi
962 257 1264 314 recordari.
1353 261 1444 314 59.
1491 256 1618 334 Ego
1661 262 1854 314 autem

170 337 387 394 maiore
436 336 612 394 etiam
669 337 919 413 quodam
974 337 1152 394 modo
1199 337 1540 394 memoriam
1584 337 1851 394 admiror.

172 416 327 484 Quid
382 423 470 473 est
524 417 679 473 enim
734 416 893 487 illud,
940 435 1054 493 quo
1111 417 1496 488 meminimuS‚
1541 423 1641 473 aut
1683 436 1854 493 quam

170 496 347 554 habet
387 497 506 553 vim
552 503 653 553 aut
696 496 852 560 unde
893 497 1128 555 natam?
1209 496 1343 553 Non
1389 515 1598 572 quaero
1642 504 1858 574 quanta

170 576 450 634 memoria
482 575 809 633 Simonides
840 576 1019 634 fuisse
1054 576 1294 648 dicatur,
1320 583 1534 653 quanta
1565 576 1858 633 Theodec-

172 664 276 726 teS,
310 662 523 732 quanta
554 657 620 728 is,
654 656 754 733 qui
786 675 821 713 a
847 656 1075 732 Pyrrho
1109 649 1334 732 legatus
1367 656 1441 712 ad
1473 663 1735 713 senatum
1771 663 1857 713 est

171 736 395 807 missus,
438 736 684 806 CineaS‚
704 743 919 812 quanta
972 755 1157 814 nuper
1211 735 1580 807 Charmadas
1612 737 1852 813 quanta,

174 817 274 892 qui
314 816 491 873 modo
532 816 665 887 fuit,
693 815 964 893 Scepsius
1002 816 1382 887 MetrodoruS,
1409 823 1624 892 quanta
1663 822 1858 872 noster

172 896 552 954 Hortensius,
596 896 670 954 de
698 897 992 953 communi
1020 896 1326 953 hominum
1347 895 1626 952 memoria
1652 895 1858 972 loquor

174 982 232 1032 et
260 995 457 1032 eorum
485 976 750 1046 maxime,
777 977 877 1052 qui
898 977 959 1033 in
980 976 1176 1052 aliquo
1197 976 1413 1032 maiore
1441 975 1634 1032 studio
1657 981 1716 1032 et
1737 981 1856 1032 arte

173 1063 482 1126 versantur,
509 1074 752 1132 quorum
776 1063 990 1132 quanta
1016 1075 1180 1114 mens
1207 1055 1282 1114 sit
1303 1054 1533 1114 difficile
1555 1061 1642 1112 est
1669 1055 1858 1112 existi·

173 1154 359 1192 mare:
404 1136 487 1192 ita
513 1134 698 1192 multa
724 1137 1126 1194 meminerunt.

254 1215 451 1274 XXV.
539 1221 631 1272 60.
678 1215 933 1283 Quorsus
974 1216 1154 1294 igitur
1192 1215 1332 1274 haec
1375 1221 1596 1292 spectat
1637 1215 1858 1272 oratio?

175 1294 335 1363 Quae
376 1295 453 1352 sit
491 1294 589 1352 illa
624 1296 711 1352 vis
756 1303 814 1354 et
857 1296 1011 1354 unde
1060 1296 1152 1367 sit,
1200 1296 1650 1388 intellegendum
1693 1301 1856 1370 puto,

176 1375 311 1432 Non
345 1381 433 1432 est
466 1382 617 1433 certe
658 1395 763 1433 nec
798 1377 986 1434 cordis
1018 1395 1126 1433 nec
1159 1377 1455 1453 sanguinis
1495 1395 1600 1433 nec
1642 1375 1858 1433 cerebri

176 1474 280 1512 nec
322 1461 682 1513 atomorum:
743 1457 937 1513 anima
978 1456 1053 1513 sit
1093 1456 1321 1533 ignisne
1361 1456 1572 1527 nesci0‚
1617 1475 1723 1513 nec
1763 1474 1858 1512 me

174 1536 371 1612 pudet,
393 1542 458 1593 ut
487 1537 644 1607 istoS,
668 1536 1086 1612 fateri-nescire
1108 1536 1267 1613 quod
1293 1537 1578 1594 nesciam:
1621 1536 1783 1606 illud,
1809 1535 1860 1591 siv

176 1615 292 1672 ulla
319 1615 429 1672 alia
455 1616 529 1673 de
561 1635 621 1674 re
651 1617 891 1674 obscura
917 1615 1218 1674 adfirmare
1245 1634 1490 1693 possem,
1517 1616 1634 1673 sive
1667 1616 1860 1672 anima

177 1696 295 1752 sive
338 1695 491 1772 ignis
539 1697 615 1753 sit
662 1696 903 1767 animus,
936 1715 1069 1752 eum
1116 1697 1362 1753 iurarem
1411 1715 1532 1754 esse
1577 1696 1854 1753 divinum.

177 1774 339 1844 Quid
361 1775 553 1833 enim?
594 1775 829 1834 obsecro
856 1783 932 1848 te,
963 1782 1186 1834 terrane
1215 1776 1324 1834 tibi
1356 1776 1467 1834 hoc
1495 1775 1772 1835 nebuloso
1801 1781 1859 1833 et

178 1856 495 1932 caliginoso
528 1856 684 1914 caelo
718 1864 819 1913 aut
852 1864 973 1915 sata
1004 1863 1105 1914 aut
1138 1864 1404 1915 concreta
1429 1857 1658 1915 videtur
1697 1863 1861 1914 tanta

178 1937 264 1993 vis
296 1936 639 1993 memoriae?
723 1936 787 1994 Si
821 1937 961 2014 quid
994 1937 1071 1994 sit
1104 1938 1217 1995 hoc
1249 1956 1369 1994 non
1396 1936 1573 2009 videS,
1605 1943 1665 1994 at
1695 1936 1860 2015 quale

179 2017 255 2073 sit
281 2016 474 2073 vides:
511 2015 560 2073 si
592 2035 665 2073 ne
698 2017 760 2074 id
794 2017 1045 2093 quidem,
1077 2023 1139 2074 at
1173 2024 1452 2094 quantum
1487 2017 1563 2074 sit
1595 2019 1858 2094 profecto

179 2096 353 2153 vides,
442 2101 534 2153 61.
572 2095 728 2164 Quid
748 2097 961 2173 igitur?
993 2104 1189 2155 utrum
1213 2098 1588 2173 capacitatem
1610 2097 1859 2175 aliquam

179 2177 240 2232 in
269 2176 463 2233 animo
491 2183 761 2253 putamus
789 2196 925 2249 esse,
952 2196 1065 2253 quo
1094 2184 1390 2254 tamquam
1418 2177 1479 2234 in
1508 2178 1743 2255 aliquod
1763 2196 1862 2234 vas

181 2275 262 2326 ea,
302 2275 445 2332 quae
500 2257 883 2329 meminimuS‚
931 2257 1350 2315 infundantur?
1419 2256 1756 2315 Absurdum
1799 2256 1862 2313 id

182 2336 430 2413 quidem.
509 2335 623 2404 Qui
678 2338 834 2394 enim
882 2337 1100 2395 fundus
1129 2344 1256 2395 'aut
1313 2356 1457 2414 quae
1505 2338 1636 2395 talis
1677 2337 1861 2394 'animi

182 2415 366 2492 figura
388 2415 647 2493 intellegi
681 2423 875 2493 potest
919 2424 1019 2473 aut
1054 2436 1200 2493 quae
1233 2423 1396 2474 tanta
1429 2419 1668 2474 omnino
1702 2436 1864 2494 capa-

182 2496 358 2553 citas?
427 2497 523 2553 An
546 2498 803 2573 imprimi
826 2497 987 2573 quasi
1010 2515 1198 2553 ceram
1221 2498 1476 2554 animum
1505 2505 1778 2574 putamus
1805 2507 1864 2554 ct

182 2594 301 2632 csse
327 2577 667 2633 memoriam
696 2577 1046 2651 signatarum
1068 2596 1258 2634 rerum
1287 2577 1348 2633 in
1370 2584 1564 2634 mente
1586 2577 1864 2653 vestigia?

182 2654 339 2723 Quae
388 2664 631 2732 possunt
664 2656 983 2727 verborum,
1020 2675 1164 2733 quae
1209 2676 1398 2713 rerum
1446 2658 1700 2733 ipsarum
1743 2676 1864 2713 esse

182 2735 437 2811 vestigia,
471 2755 615 2812 quae
648 2755 819 2812 porro
852 2742 969 2793 tam
1022 2736 1306 2793 immensa
1347 2737 1689 2813 magnitudo
1720 2756 1864 2813 quae

182 2814 280 2870 illa
306 2822 425 2871 tam
454 2816 637 2873 multa
664 2816 847 2892 possit
874 2814 1179 2891 effingere?
1247 2815 1438 2884 Quid?
1478 2816 1578 2874 illa
1604 2817 1690 2874 vis
1720 2835 1864 2893 quae

182 2894 415 2951 tandem
464 2902 565 2965 est,
604 2915 747 2972 quae
788 2896 1099 2972 investigat
1142 2896 1379 2967 occulta,
1419 2916 1564 2974 quac
1605 2896 1864 2954 inventio

184 2980 355 3050 atque
376 2976 653 3052 cogitatio
677 2976 923 3033 dicitur?
1004 2975 1093 3032 Ex
1120 2975 1301 3033 hacne
1329 2976 1438 3034 tibi
1467 2984 1691 3035 terrena
1717 2995 1866 3033 mor-

182 3053 396 3131 talique
424 3062 627 3113 natura
654 3063 711 3112 et
740 3056 953 3113 caduca
979 3062 1245 3114 concreta
1271 3076 1339 3113 ea
1359 3057 1601 3128 videtur,
1635 3063 1728 3114 62.
1765 3064 1866 3114 aut

186 3134 286 3210 qui
312 3136 548 3211 primuS,
581 3135 736 3213 quod
766 3154 1020 3194 summae
1049 3136 1361 3213 sapientiae
1392 3137 1758 3215 Pythagorae
1787 3136 1865 3193 vi-

186 3232 311 3271 sum
354 3221 455 3285 cst,
488 3216 754 3273 omnibus
798 3215 966 3273 rebus
1015 3216 1294 3293 imposuit
1334 3217 1587 3288 nomina,
1633 3223 1733 3274 aut
1767 3217 1865 3293 qui
