2235 3581
758 128 1063 190 L113.·111.,
1097 127 1254 178 CAR
1286 127 1626 178 xx.·-xxn.
1941 131 2005 178 99

315 231 474 301 Quid
516 231 709 289 enimi
758 231 829 288 de
863 230 1283 294 bellosPunico
1326 229 1552 308 agitur?
1605 229 1677 288 de
1722 249 1835 308 quo
1878 230 2005 308 ipso

315 332 447 370 cum
477 311 633 369 aliud
656 311 734 370 M.
752 310 978 382 Catoni,
1000 311 1158 371 aliud
1178 310 1240 368 L.
1260 311 1505 368 Lentulo
1528 310 1831 376 videretur,
1852 310 2007 368 nulla

315 393 467 450 inter
499 411 598 449 eos
639 392 990 452 concertat-io
1034 411 1309 468 umquam
1343 391 1473 450 fuit..
1561 391 1645 448 Hi
1687 391 1859 448 nimis
1901 391 2006 448 ira-

315 472 501 530 cunde
529 480 726 549 agunt,
747 472 1082 549 praesertim
1101 491 1233 528 cum
1256 471 1329 528 ab
1352 472 1423 528 iis
1445 491 1561 528 non
1585 490 1718 528 sane
1748 471 2006 550 animosa

315 552 662 610 defendatur
688 552 986 623 sententia,
1011 571 1119 628 pro
1149 571 1262 628 qua
1295 572 1411 609 non
1447 552 1507 608 in
1542 559 1760 621 senatu,
1794 571 1911 609 non
1942 553 2001 609 in

313 633 600 703 contione,
633 652 751 689 non
779 631 936 708 apud
966 631 1279 691 exercitum
1314 651 1498 710 neque
1528 632 1602 689 ad
1631 651 1893 690 censores
1922 633 2004 690 di-

314 732 440 770 cere
469 712 733 772 audeant.
819 711 934 770 Sed
963 731 1096 769 cum
1126 712 1253 769 istis
1280 712 1435 784 alias,
1460 720 1518 770 et
1546 731 1615 770 eo
1647 712 1881 789 quidem
1910 732 2005 770 an—

313 793 451 864 im0‚
488 793 710 851 nullum
754 799 822 850 ut
863 799 1152 850 certamen
1188 792 1504 863 instituam,
1536 812 1731 850 verum
1767 793 2004 851 dicenti-

313 872 421 930 bus
465 873 634 931 facile
667 873 882 930 cedam.
969 873 1222 931 Tantum
1266 871 1624 930 admonebo:
1670 873 1719 930 si
1753 873 2003 932 maxime

313 973 511 1011 verum
541 954 616 1011 sit
643 953 719 1012 ad
746 973 953 1031 corpus
975 953 1173 1011 omnia
1194 954 1403 1011 referre
1434 953 1749 1030 sapientem
1781 953 1915 1024 sive,
1937 961 2003 1011 ut

313 1034 612 1092 honestius
639 1034 846 1105 dicam,
872 1033 1014 1110 nihil
1043 1035 1231 1095 facere
1261 1034 1372 1091 nisi
1404 1033 1561 1110 quod
1590 1033 1855 1111 expediat
1885 1034 2002 1092 sive

313 1115 510 1172 omnia
535 1115 747 1173 referre
770 1114 846 1172 ad
862 1115 1174 1174 utilitatem
1194 1134 1372 1185 suam,
1392 1113 1664 1191 quo-niam
1688 1114 1827 1170 haec
1846 1114 2003 1191 plau-

313 1195 502 1252 sibilia
535 1215 652 1253 non
687 1201 838 1266 s‘unt,
871 1203 937 1253 ut
970 1195 1030 1252 in
1066 1196 1196 1251 sinu
1228 1194 1533 1271 gaudeant,
1566 1194 1813 1271 gloriose
1842 1195 2002 1272 loqui

314 1275 592 1334 desinant.

393 1355 591 1413 XXII.
653 1362 745 1414 52.
771 1355 1216 1433 Cyrenaicorum
1237 1360 1412 1412 restat
1435 1354 1733 1425 sententia,
1758 1354 2000 1430 quitum

312 1436 743 1512 aegritudinem
775 1443 1008 1494 censent
1049 1435 1338 1505 exsistere,
1372 1433 1421 1490 si
1470 1434 1813 1510 necopinato
1860 1435 1999 1510 quid

311 1517 578 1573 evenerit.
663 1517 769 1574 Est
813 1516 874 1573 id
921 1515 1154 1592 quidem
1198 1533 1493 1590 magnum,
1531 1522 1597 1571 ut
1642 1533 1813 1592 supra
1860 1515 1996 1585 dixi,

312 1597 486 1653 etiam
512 1596 840 1674 Chrysippo
877 1597 958 1653 ita
983 1595 1165 1652 videri
1200 1595 1334 1665 sci0,
1358 1595 1515 1671 quod
1542 1595 1834 1672 provisum
1866 1603 1999 1652 ante

312 1695 429 1733 non
461 1673 555 1747 sit,
576 1676 637 1733 id
671 1677 842 1734 ferire
870 1675 1299 1734 vehementius:
1344 1675 1444 1732 sed
1479 1695 1596 1733 non
1630 1683 1765 1734 sunt
1798 1676 1859 1732 in
1889 1675 1999 1733 hoc

313 1757 522 1815 omnia.
601 1757 961 1835 Quamquam
992 1756 1248 1815 hostium
1276 1775 1480 1834 repens
1508 1756 1787 1815 adventus
1813 1757 1999 1833 magis

312 1836 605 1915 aliquanto
639 1839 944 1896 conturbat
973 1857 1149 1915 quam·
1181 1845 1540 1915 exspectatus
1576 1845 1633 1895 et
1667 1837 1837 1894 maris
1872 1837 1999 1895 sub-

312 1917 395 1975 ita
433 1924 744 1995 tempestas
787 1938 958 1995 quam
1005 1924 1139 1975 ante
1178 1918 1407 1995 provisa
1448 1925 1623 1977 terret
1664 1918 2001 1993 navigantes

311 1997 706 2056 vehementius
735 2007 799 2075 et
832 1999 954 2055 eius
985 1998 1149 2055 modi
1184 2005 1317 2055 sunt
1351 1998 1634 2076 pleraque.
1723 1997 1837 2055 Sed
1866 2016 1997 2054 cum

312 2077 618 2153 diligenter
658 2080 1133 2155 necopinatorum
1172 2085 1435 2135 naturam
1478 2078 1817 2148 considereS,
1850 2078 1996 2135 nihil

311 2157 470 2215 aliud
490 2158 736 2236 reperias
765 2160 875 2216 nisi
898 2160 1094 2217 omnia
1113 2158 1297 2216 videri
1328 2158 1517 2216 subita
1544 2160 1775 2229 maiora,
1802 2166 1860 2215 et
1879 2158 2000 2235 qui-

313 2238 444 2295 dem
475 2238 550 2295 ob
579 2238 722 2296 duas
749 2259 960 2310 causam,
985 2241 1237 2317 primum
1269 2238 1427 2315 quod
1461 2246 1673 2315 quanta
1708 2240 1825 2295 sint
1854 2258 1998 2315 quae

311 2318 582 2376 accidunt
630 2319 1030 2377 considerandi
1089 2320 1340 2397 spatium
1397 2338 1515 2376 non
1566 2319 1749 2390 dat-ur,
1788 2318 1997 2377 deinde

314 2392 518 2475 [quod]
551 2419 681 2457 cum
711 2400 939 2457 videtur
966 2401 1289 2477 praecaveri
1316 2400 1591 2477 potuisse,
1625 2400 1673 2455 si
1701 2400 1995 2476 provisum

311 2486 477 2549 esset,
511 2480 673 2557 quasi
706 2479 876 2557 culpa
916 2488 1275 2538 contractum
1316 2480 1528 2537 malum
1575 2479 1997 2555 aegritudinem

309 2558 586 2617 acriorem
613 2560 771 2619 facit.
839 2567 930 2619 53.
963 2560 1134 2630 Quod
1162 2560 1245 2617 ita
1272 2580 1390 2617 esse
1412 2560 1535 2617 dies
1563 2559 1826 2629 declarat,
1854 2578 1998 2635 quae

309 2640 627 2715 procedens
659 2640 744 2700 ita
781 2640 1030 2717 mitigat,
1066 2647 1134 2697 ut
1175 2639 1380 2697 iisdem
1422 2640 1589 2696 malis
1631 2639 1998 2697 manentibus

311 2738 430 2775 non
462 2721 639 2778 modo
673 2721 920 2779 leniatur
952 2720 1269 2797 aegritudO,
1291 2720 1391 2777 sed
1424 2720 1483 2777 in
1518 2719 1803 2797 plerisque
1838 2718 1999 2776 tolla-

309 2805 420 2856 tur.
505 2800 1017 2877 Karthaginienses
1051 2800 1221 2856 multi
1262 2800 1481 2857 Romae
1517 2800 1848 2870 servierunt,
1882 2798 1999 2855 Ma-

313 2876 558 2935 cedones
592 2896 723 2952 rege
757 2878 930 2933 Perse
965 2883 1164 2953 capto:
1202 2876 1321 2931 vidi
1349 2876 1519 2931 etiam
1550 2876 1611 2931 in
1641 2876 1999 2952 Peloponne-

315 2976 396 3028 so,
421 2976 553 3014 cum
583 2976 762 3015 essem
798 2957 1143 3026 adolescens,
1176 2955 1455 3033 quosdam
1492 2954 1839 3011 Corinthios,
1912 2955 1997 3011 111

313 3044 583 3113 poterant
625 3057 824 3095 omnes
865 3036 1066 3095 eadem
1106 3035 1205 3093 illa
1245 3035 1317 3093 de
1351 3034 1763 3092 Andromacha
1803 3034 1997 3111 deplo-

311 3136 450 3188 rare,

843 3216 976 3262 llaec
1000 3213 1169 3261 omnia
1191 3212 1293 3261 vidi
1330 3248 1341 3261 .
1383 3248 1395 3261 .
1438 3250 1449 3261 .
