2235 3581
241 163 331 208 132
457 160 784 209 TUSCULA
793 161 829 207 N
843 167 884 207 A
895 161 1050 209 ΚΒΜ
1096 161 1259 210 DISP
1267 160 1695 211 U'rA'rIONUM

234 261 436 318 demus
457 262 916 338 progredientem
949 263 1104 339 apud
1128 262 1451 322 Homerum
1474 263 1713 322 Aiacem
1734 264 1923 321 multa

233 361 366 398 cum
389 341 690 411 hilaritate,
709 362 837 399 eum
863 343 1294 419 depugnaturus
1316 351 1463 401 esset
1480 364 1611 400 cum
1636 345 1918 402 Hectore:

233 422 396 478 cuius
426 429 490 478 ut
523 441 680 478 arma
713 423 974 500 sumpsit,
995 423 1275 499 ingressio
1305 423 1579 481 laetitiam
1610 425 1804 482 attulit
1832 443 1922 481 so-

233 502 355 572 ciis,
385 508 662 559 terrorem
699 511 890 560 autem
934 503 1212 572 hostibus,
1244 511 1311 561 ut
1352 505 1543 580 ipsum
1584 504 1917 574 Hectorem,

235 601 406 658 quem
449 582 523 639 ad
557 582 796 640 modum
837 591 924 640 est
963 583 1121 660 apud
1154 584 1496 654 Homerum,
1526 591 1653 642 toto
1686 592 1920 661 pectore

234 668 574 720 trementem
600 682 937 740 provocasse
959 665 1034 720 ad
1055 667 1311 740 pugnam
1334 665 1670 740 poeniteret.
1721 664 1921 741 Atque

233 741 295 798 hi
325 741 596 800 collocuti
622 743 774 800 inter
793 763 870 812 se,
895 744 1054 819 prius
1077 764 1249 820 quam
1273 763 1509 801 manum
1539 752 1916 824 consererent,

233 822 437 879 leniter
470 829 528 880 ct
558 823 748 899 quiete
783 823 927 880 nihil
962 843 1034 880 ne
1066 824 1129 880 in
1164 823 1289 900 ipsa
1318 824 1549 901 quidem
1587 843 1783 901 pugna
1815 825 1921 881 ira-

234 902 420 959 cunde
452 902 743 960 rabioseve
775 903 1052 960 feceruut.
1136 903 1266 980 Ego
1300 923 1373 961 ne
1406 904 1767 981 Torquatum
1800 905 1922 981 qui-

233 982 365 1039 dem
395 981 576 1052 illum,
602 983 700 1060 qui
729 982 840 1040 hoc
873 1002 1196 1060 cognomen
1232 984 1467 1054 invenit,
1490 984 1698 1042 iratum
1730 985 1921 1042 existi-

232 1081 331 1118 mo
366 1061 532 1119 Gallo
573 1069 838 1139 torquem
883 1064 1195 1122 detraxisse
1240 1083 1345 1122 nec
1391 1064 1723 1122 Marcellum
1764 1065 1921 1141 apud

233 1141 578 1200 Clastidium
601 1143 734 1200 ideo
755 1144 968 1200 fortem
991 1144 1188 1216 fuisse,
1216 1145 1351 1222 quia
1370 1145 1548 1202 fuerit
1569 1145 1761 1202 iratuS.
1824 1151 1915 1202 50.

232 1221 324 1279 De
352 1222 632 1280 Africano
669 1223 921 1300 quidem,
953 1225 1087 1301 quia
1128 1225 1323 1282 notior
1363 1232 1449 1281 est
1483 1224 1651 1281 nobis
1682 1232 1921 1302 propter

231 1309 519 1360 recentem
561 1304 916 1374 memoriam,
961 1304 1050 1361 vel
1089 1305 1275 1362 iurare
1318 1324 1553 1381 possum
1594 1324 1712 1361 non
1753 1304 1919 1361 illum

231 1381 526 1440 iracundia
566 1390 694 1440 tum
735 1383 1153 1442 inflammatum
1189 1385 1385 1455 fuisse,
1416 1404 1545 1442 cum
1581 1385 1640 1441 in
1674 1385 1795 1442 acie
1836 1384 1915 1442 M.

231 1462 504 1520 Alienum
537 1463 842 1540 Pelignum
878 1472 1040 1521 scuto
1073 1465 1389 1541 protexerit
1421 1465 1792 1544 gladiumque
1819 1464 1921 1522 ho·

233 1544 307 1599 sti
336 1543 398 1600 in
425 1551 627 1620 pectus
654 1543 918 1601 infixerit.
1001 1543 1094 1601 De
1125 1544 1187 1603 L.
1212 1544 1397 1602 Bruto
1426 1546 1669 1602 fortasse
1698 1545 1921 1602 dubita·

231 1623 341 1679 rim
375 1643 447 1680 an
483 1625 721 1701 propter
753 1623 1042 1680 infinitum
1077 1625 1279 1681 odium
1312 1626 1543 1701 tyranni
1587 1626 1919 1684 effrenatius

231 1702 292 1758 in
321 1703 633 1760 Arruntem
663 1704 948 1762 invaserit.
1019 1704 1211 1762 Video
1246 1705 1400 1762 enim
1428 1712 1737 1781 utrumque
1766 1724 1920 1762 com-

231 1783 423 1840 minus
455 1783 570 1840 ictu
607 1784 876 1842 cecidisse
911 1786 1213 1843 contrariO.
1284 1784 1440 1853 Quid
1471 1785 1651 1863 igitur
1684 1785 1794 1843 huc
1822 1786 1919 1844 ad·

230 1862 444 1921 hibetis
469 1863 650 1921 Iram?
691 1884 763 1921 an
787 1865 1074 1922 fortitudo
1103 1866 1213 1923 nisi
1242 1866 1489 1923 insanire
1518 1866 1711 1943 coepit
1739 1866 1919 1943 impe-

231 1950 326 2000 tus
371 1963 504 2001 suos
551 1964 668 2001 non
715 1944 926 2002 habeti
1001 1944 1193 2013 Quid?
1274 1945 1603 2018 Herculem,
1640 1966 1812 2024 quem
1854 1948 1917 2005 in

231 2023 450 2080 caelum
494 2024 604 2081 ista
645 2026 786 2101 ipsa,
819 2044 992 2101 quam
1027 2044 1129 2082 vos
1170 2025 1523 2083 iracundiam
1566 2046 1688 2084 esse
1722 2027 1913 2097 vultiS,

232 2104 464 2161 sustulit
503 2104 808 2175 fortitude,
855 2106 1141 2163 iratumne
1183 2125 1377 2163 censes
1418 2106 1741 2163 conflixisse
1782 2127 1915 2165 cum

232 2182 612 2260 Erymanthio
641 2205 780 2262 apro
809 2194 909 2243 aut
931 2186 1102 2243 leone.
1117 2185 1176 2242 N
1178 2187 1445 2243 emeaeoil
1478 2206 1551 2243 au
1574 2188 1747 2244 etiam
1770 2186 1919 2244 The-

231 2283 359 2321 seus
401 2264 747 2322 Marathonii
781 2266 932 2323 tauri
975 2286 1190 2323 cornua
1229 2266 1667 2344 comprehendit
1700 2267 1916 2325 iratus?

231 2343 384 2401 Vide
413 2364 485 2401 ne
519 2346 806 2403 fortitudo
839 2347 1080 2403 minime
1113 2346 1191 2403 sit
1225 2346 1449 2403 rabiosa
1481 2348 1668 2424 sitque
1695 2347 1917 2404 iracun-

230 2424 328 2480 dia
367 2432 492 2481 tota
532 2425 796 2483 levitatis,
881 2426 1085 2503 Neque
1128 2427 1283 2484 enim
1328 2434 1416 2484 est
1458 2426 1573 2484 ulla
1604 2427 1911 2497 fortitudO,

232 2523 376 2581 quae
404 2505 642 2561 rationis
671 2512 757 2562 est
785 2525 1000 2583 expers

311 2583 540 2641 XXIII.
602 2590 694 2642 51.
733 2584 1203 2643 Contemnendae
1226 2606 1313 2643 res
1334 2586 1619 2645 humanae
1648 2594 1799 2657 sunt,
1820 2607 1913 2645 nc-

229 2664 512 2739 glegenda
537 2683 692 2721 mors
719 2673 823 2736 est,
848 2666 1114 2743 patibiles
1144 2675 1201 2724 et
1223 2666 1448 2724 dolores
1477 2675 1535 2725 et
1563 2667 1784 2726 labores
1812 2687 1915 2745 pu-
1962 2698 1968 2705 ·

229 2745 406 2801 tandi.
491 2744 653 2802 Haec
681 2764 810 2803 eum
843 2747 1159 2804 constituta
1186 2754 1321 2803 sunt
1349 2748 1563 2805 iudicio
1592 2755 1763 2827 atque
1792 2768 1915 2807 sen-

228 2824 412 2880 tentia
443 2830 568 2881 tum
601 2831 690 2881 est
724 2825 959 2883 robusta
990 2826 1086 2883 illa
1120 2834 1179 2883 et
1206 2827 1427 2884 stabilis
1460 2828 1764 2899 fortitudO,
1800 2830 1913 2886 nisi

228 2902 398 2973 forte,
435 2922 580 2981 quae
621 2904 1002 2975 vehementer,
1046 2907 1266 2976 acriter,
1311 2908 1569 2965 animose
1610 2908 1772 2979 fiunt,
1810 2909 1915 2965 ira-

229 2982 414 3039 cunde
441 2982 563 3039 fieri
593 2984 959 3061 suspicamur.
1047 2985 1194 3042 Mihi
1222 3006 1296 3043 ne
1324 2986 1521 3063 Scipio
1554 2988 1787 3064 quidem
1816 2987 1913 3045 ille

229 3061 492 3136 pontifex
521 3062 821 3132 maximuS,
848 3065 944 3140 qui
967 3063 1078 3121 hoe
1099 3065 1427 3123 Stoicorum
1454 3086 1647 3124 verum
1678 3086 1797 3124 esse
1820 3066 1915 3124 de-

229 3140 477 3209 claravit,
509 3161 826 3218 numquam
867 3145 1155 3220 privatum
1199 3165 1319 3202 esse
1362 3146 1697 3223 sapientem,
1735 3147 1915 3205 iratus

229 3220 455 3276 videtur
495 3220 672 3277 fuisse
706 3221 792 3278 Ti.
823 3222 1082 3280 Graccho
1126 3231 1268 3294 tum,
1300 3244 1429 3282 cum
1470 3226 1763 3284 consulem
1798 3227 1914 3285 lan-
