2235 3581
645 181 782 231 LIB.
823 181 942 242 IV.,
975 181 1131 231 CAP.
1166 181 1711 231 XXXIV.-XXXVI.
1935 187 2027 234 143

334 304 403 342 ex
448 282 632 340 animi
671 281 1201 359 perturbationibus
1242 289 1329 340 est
1370 283 1634 360 profecto
1677 284 1835 342 nulla
1866 284 2031 343 vehe-

334 363 603 433 mentior,
623 370 706 433 ut,
731 363 779 419 si
802 363 916 419 iam
939 364 1066 439 ipsa
1086 363 1183 419 illa
1202 383 1463 421 accusare
1486 364 1651 436 noliS,
1678 371 1876 442 stupra
1897 365 2029 422 dico

334 452 393 503 et
427 443 780 521 corruptelas
813 451 872 500 et
905 443 1200 513 adulteria,
1233 443 1450 501 incesta
1484 444 1746 522 denique,
1782 465 2027 522 quorum

335 527 598 583 omnium
628 523 962 581 accusabilis
997 531 1083 580 est
1117 524 1435 601 turpitudO,
1462 524 1563 581 sed
1597 532 1663 582 ut
1690 525 1830 582 haec
1860 527 2027 584 omit-

331 614 438 678 taS,
470 605 828 682 perturbatio
863 604 987 681 ipsa
1028 605 1241 661 mentis
1283 605 1343 661 in
1387 623 1581 662 amore
1614 605 1789 663 foeda
1822 626 1925 683 per
1966 627 2025 664 se

333 693 436 746 est.
527 688 618 744 76.
664 686 814 743 Nam
845 693 911 742 ut
939 684 1039 743 illa
1066 691 1437 761 praeteream,
1466 705 1609 762 quae
1640 693 1773 744 sunt
1794 688 2021 758 furoriS,

331 767 472 824 haec
507 769 634 844 ipsa
673 787 776 844 per
818 786 938 824 sese
975 784 1147 842 quam
1188 764 1403 822 habent
1438 765 1747 837 levitatem,
1774 787 1917 844 quae
1947 769 2023 826 vi-

331 848 542 906 dentur
570 867 691 905 esse
721 847 1064 910 mediocria!

1254 924 1487 985 Iniuriae,

528 991 860 1054 Suspiciones,
886 991 1191 1050 inimicitiae,
1219 990 1458 1050 indutiae,

528 1058 742 1118 Bellum,
767 1073 869 1120 pax
891 1072 1112 1105 rursum:
1155 1057 1343 1105 incerta
1368 1057 1490 1106 haec
1516 1056 1557 1104 si
1583 1065 1634 1106 tu
1658 1057 1876 1120 postules

528 1123 742 1172 Ratione
765 1133 902 1171 certa
923 1124 1102 1180 facere,
1127 1123 1283 1169 nihilo
1306 1122 1417 1184 plus
1441 1138 1577 1182 agas,

527 1189 692 1249 Quam
717 1189 759 1237 si
782 1189 868 1236 des
891 1203 1092 1251 operam
1120 1197 1173 1235 ut
1203 1203 1317 1235 cum
1342 1189 1532 1237 ratione
1557 1188 1790 1237 insanias,

327 1288 490 1346 Haec
524 1290 911 1346 inconstantia
946 1289 1415 1366 mutabilitasque
1449 1290 1661 1346 mentis
1697 1308 1867 1365 quem
1902 1307 2019 1345 non

325 1369 454 1446 ipsa
494 1371 778 1446 pravitate
820 1370 1139 1427 deterreat?
1221 1369 1326 1426 Est
1368 1370 1523 1427 enim
1567 1368 1728 1439 illud,
1762 1369 1918 1446 quod
1960 1370 2017 1425 in

327 1451 489 1506 omni
523 1449 953 1527 perturbatione
988 1451 1215 1521 dicitur,
1248 1449 1779 1521 demonstrandum,
1804 1449 2018 1506 nullam

325 1549 448 1587 esse
483 1531 595 1587 nisi
631 1531 996 1608 opinabilem,
1022 1531 1132 1587 nisi
1165 1531 1383 1588 iudicio
1419 1538 1760 1607 susceptam,
1786 1530 1896 1586 nisi
1927 1549 2020 1586 vo-

323 1609 650 1668 luntariam.
736 1610 968 1668 Etenim
1005 1612 1053 1668 si
1087 1611 1362 1667 naturalis
1391 1630 1553 1668 amor
1587 1617 1755 1682 esset,
1778 1617 1836 1668 et
1870 1630 2017 1668 ama-

324 1697 454 1747 rent
501 1710 701 1748 omnes
751 1699 809 1748 et
859 1711 1083 1768 semper
1136 1699 1395 1748 amarent
1446 1697 1503 1748 et
1553 1691 1709 1749 idem
1760 1699 2019 1749 amarent

323 1790 512 1848 neque
553 1770 729 1829 alium
772 1773 969 1851 pudor,
1013 1771 1191 1829 alium
1235 1772 1528 1850 cogitatiO,
1566 1772 1742 1830 alium
1786 1773 2017 1831 satietas

324 1851 650 1910 deterreret.

405 1932 696 1991 XXXVI.
785 1931 875 1990 77.
923 1932 1016 1989 Ira
1049 1952 1183 1990 vero
1211 1927 1417 2025 ·[quae]
1453 1952 1625 2010 quam
1661 1934 1762 1991 diu
1797 1941 2017 2011 pertur-

322 2012 426 2069 bat
453 2014 726 2083 animum,
753 2012 1222 2071 dubitationem
1208 2014 1463 2071 insaniae
1492 2033 1608 2071 non
1641 2014 1829 2086 habet,
1854 2015 2015 2072 cuius

324 2093 578 2169 impulsu
609 2094 830 2151 exsistit
861 2094 1035 2151 etiam
1065 2095 1217 2152 inter
1244 2095 1449 2151 fratres
1476 2095 1633 2152 talc
1620 2096 1904 2171 iurgium:

321 2208 390 2254 A.
423 2206 550 2265 Quis
573 2206 723 2254 homo
746 2214 796 2254 te
818 2206 1135 2269 exsuperavit
1160 2221 1370 2269 usquam
1393 2207 1617 2267 gentium
1642 2205 1951 2269 impudentia
1969 2207 1993 2255 ἰ’

322 2272 398 2321 Μ.
429 2272 552 2331 Quis
575 2282 743 2321 autem
767 2273 960 2319 malitia
983 2274 1070 2321 te?

323 2376 496 2433 Nosti
528 2396 672 2454 quae
701 2384 1032 2454 sequuntur.
1104 2376 1363 2434 Alternis
1386 2377 1537 2434 enim
1564 2375 1819 2434 versibus
1840 2375 2017 2433 intor-

323 2465 572 2534 quentur
599 2458 750 2515 inter
783 2459 990 2515 fratres
1023 2458 1392 2534 gravissimae
1422 2457 1818 2525 contumeliae,
1841 2464 1907 2514 ut
1933 2458 2016 2514 fa·
2074 2489 2094 2508 ·

321 2537 428 2594 cile
458 2546 730 2630 appareat
751 2539 919 2595 Atrei
948 2538 1098 2594 filios
1121 2558 1259 2604 esse,
1284 2538 1406 2594 eius
1430 2538 1529 2613 qui
1550 2537 1861 2594 meditatur
1881 2556 2015 2614 poe-

320 2636 454 2674 nam
487 2620 548 2674 in
577 2619 811 2676 fratrem
845 2636 1087 2676 novam:

487 2728 652 2777 Maior
676 2730 798 2777 mihi
823 2730 994 2790 moleS,
1019 2729 1183 2777 maius
1207 2728 1571 2777 miscendumst
1594 2730 1797 2779 malum.

487 2794 587 2854 Qui
612 2795 742 2843 illius
766 2796 997 2843 acerbum
1023 2810 1108 2844 cor
1132 2794 1439 2843 contundam
1463 2804 1512 2842 et
1536 2796 1877 2857 compi-‚imam

320 2893 453 3049 {Quo
505 2896 686 3052 iglitur
732 2895 872 2953 haec
916 2896 1168 2972 erumpit
1213 2894 1432 2953 moles?
1506 2894 1666 2951 Audi
1700 2894 2013 2969 Thyestem

349 2994 542 3052 ipsum

517 3090 711 3151 Impius
733 3090 964 3138 hortatur
985 3104 1068 3137 me
1091 3089 1259 3149 frater,
1287 3098 1342 3137 ut
1366 3104 1505 3138 meos
1527 3087 1673 3136 malis
1698 3086 1849 3135 miser

520 3156 820 3203 Mandarem
844 3164 989 3201 natos
1027 3190 1038 3201 .
1081 3190 1093 3202 .
1137 3190 1149 3201 .

319 3255 542 3311 Eorum
566 3254 780 3310 viscera
801 3252 1061 3327 apponit.
1135 3250 1290 3315 Quid
1318 3255 1407 3303 est
1426 3248 1581 3302 enim
1605 3264 1719 3317 quo
1748 3264 1863 3299 non
1886 3265 2013 3320 pro-
