2235 3581
188 170 254 214 50
402 166 992 218 TUSCULANARUM
1038 168 1657 218 DISPUZI'ATIONUM.

188 271 272 328 At
301 289 435 328 vero
463 272 557 328 ille
587 272 845 348 sapiens:

319 383 460 430 Mors
484 398 597 431 mea
619 398 682 430 ne
704 390 871 431 careat
893 383 1134 432 lacrimis:
1167 383 1452 447 linquamus
1474 384 1649 432 amicis

384 448 682 506 Maerorem,
708 457 763 496 ut
791 449 1038 497 celebrent
1064 451 1241 498 funera
1265 465 1378 498 cum
1402 450 1609 509 gemitu.

192 553 322 606 118.
369 549 494 607 Nos
535 569 686 621 νει-ο,
720 550 768 606 si
813 551 953 627 quid
993 550 1106 608 tale
1151 550 1437 624 acciderit,
1473 557 1540 607 ut
1574 571 1608 608 a
1640 551 1749 608 deo
1784 551 1876 608 de-

188 629 524 686 nunciatum
552 630 815 690 videatur
841 637 908 688 ut
941 649 1209 689 exeamus
1238 650 1268 688 e
1296 631 1430 702 vita,
1456 631 1591 688 laeti
1621 638 1679 688 et
1710 650 1876 707 agen-

187 717 275 766 tes
302 710 515 786 gratias
547 729 847 787 pareamus
881 710 1204 802 emittique
1219 730 1326 767 nos
1355 730 1386 767 e
1415 711 1680 768 custodia
1716 718 1774 768 ct
1803 711 1876 768 le-

188 790 307 846 vari
341 790 542 847 vinclis
574 789 931 861 arbitremur,
963 797 1028 847 ut
1061 797 1162 847 aut
1189 791 1249 847 in
1286 798 1575 848 aeternam
1612 797 1669 847 et
1705 791 1876 867 plane

187 869 247 926 in
277 876 531 944 nostram
562 870 800 929 domum
829 870 1209 946 remigremus
1235 877 1334 927 aut
1363 870 1523 927 omni
1554 889 1725 926 sensu
1754 889 1872 927 mo·

186 948 465 1027 lestiaque
499 968 820 1007 careamus:
866 950 954 1007 sin
996 956 1191 1007 autem
1231 949 1380 1007 nihil
1415 949 1872 1022 denunciabitur‚

189 1049 258 1086 eo
302 1036 494 1086 tamen
539 1029 718 1086 simus
759 1030 970 1101 anim0,
1015 1038 1081 1088 ut
1129 1029 1463 1087 horribilem
1513 1029 1677 1086 illum
1720 1031 1874 1087 diem

188 1109 328 1180 aliis,
353 1109 520 1166 nobis
547 1111 804 1172 faustum
833 1117 1106 1186 putemus
1136 1109 1394 1187 nihilque
1424 1110 1483 1166 in
1513 1107 1679 1166 malis
1709 1111 1875 1167 duca-

189 1209 316 1246 mus
348 1189 504 1265 quod
533 1190 607 1246 sit
628 1189 718 1246 vel
748 1209 781 1247 a
809 1191 898 1247 dis
926 1190 1350 1247 immortalibus
1372 1190 1459 1246 vel
1490 1209 1523 1247 a
1551 1197 1754 1246 natura
1780 1209 1875 1266 pa-

187 1276 346 1326 rente
383 1270 642 1326 omnium
679 1271 1076 1337 constitutum.
1163 1270 1295 1327 Non
1334 1271 1488 1327 enim
1522 1277 1737 1327 temere
1771 1289 1875 1328 nec

187 1349 433 1407 fortuito
464 1350 573 1407 sati
602 1358 660 1407 et
688 1351 862 1407 creati
892 1370 1105 1422 sunmS,
1140 1350 1238 1408 sed
1268 1350 1533 1428 profecto
1562 1350 1681 1407 fuit
1710 1369 1875 1427 quae-

187 1429 321 1486 dam
344 1430 429 1487 vis
453 1449 596 1506 quae
619 1431 814 1507 generi
835 1430 1157 1488 consuleret
1178 1430 1433 1488 humano
1455 1449 1559 1487 nec
1587 1430 1651 1487 id
1678 1431 1875 1507 gigne-

187 1517 274 1567 ret
301 1518 402 1567 aut
431 1510 604 1568 aleret
627 1511 783 1587 quod
805 1531 935 1568 cum
966 1510 1376 1568 exanclavisset
1404 1529 1605 1567 omnes
1632 1509 1869 1582 laboreS‚

185 1595 312 1646 tum
347 1591 626 1648 incideret
659 1591 720 1647 in
753 1591 958 1648 mortis
991 1590 1210 1648 malum
1253 1591 1702 1667 sempiternum:
1746 1610 1875 1667 por-

187 1677 312 1726 tum
347 1671 544 1746 potius
585 1677 849 1746 paratum
897 1671 1064 1728 nobis
1107 1679 1166 1728 et
1206 1671 1538 1748 perfugium
1580 1678 1869 1748 putemus,

191 1756 320 1808 119.
361 1750 489 1819 Quo
513 1751 737 1808 utinam
760 1749 899 1809 velis
928 1751 1109 1827 passis
1139 1751 1372 1829 pervehi
1394 1751 1595 1809 liceat!
1626 1806 1635 1813 ,
1666 1751 1771 1809 Sin
1792 1769 1874 1808 re-

185 1830 458 1888 flantibus
487 1831 672 1887 ventis
706 1831 1043 1903 reficiemur,
1067 1840 1263 1891 tamen
1298 1832 1502 1889 eodem
1536 1832 1731 1909 paullo
1764 1839 1874 1888 tar*

185 1911 315 1967 dius
357 1911 670 1968 referamur
711 1930 937 1969 necesse
979 1919 1081 1969 est.
1162 1912 1334 1980 Quod
1376 1919 1569 1969 autem
1606 1911 1874 1969 omnibus

185 2010 413 2048 necesse
449 1998 550 2062 est,
586 1990 722 2049 idne
759 1992 1033 2049 miserum
1069 2012 1189 2049 esse
1225 1992 1325 2048 uni
1364 1992 1595 2069 potest?
1678 1992 1874 2049 Habes

185 2072 498 2148 epilogum,
524 2090 596 2127 ne
619 2071 759 2148 quid
781 2072 1249 2148 praetermissum
1279 2080 1379 2129 aut
1401 2071 1664 2129 relictum
1686 2079 1869 2149 putee.

266 2151 337 2209 A.
375 2152 502 2227 Ego
526 2171 678 2224 ver0,
704 2158 762 2209 ct
792 2152 1026 2229 quidem
1061 2152 1205 2209 fecit
1234 2152 1409 2209 etiam
1437 2151 1547 2209 iste
1576 2171 1669 2209 me
1699 2152 1875 2229 epilo-

184 2251 292 2309 gus
320 2231 647 2290 firmiorem.

265 2312 342 2370 M.
379 2312 633 2390 Optime,
655 2312 907 2389 inquam.
986 2312 1102 2369 Sed
1124 2331 1277 2373 nuno
1302 2312 1535 2389 quidem
1560 2311 1875 2369 valetudini

183 2393 504 2450 tribuamus
533 2393 767 2469 aliquid,
793 2412 916 2449 cras
944 2399 1135 2449 autem
1168 2399 1226 2449 et
1250 2400 1393 2469 quot
1420 2392 1544 2449 dies
1573 2392 1785 2450 erimus
1812 2391 1873 2448 in

184 2472 526 2543 TusculanO,
564 2492 801 2549 agamus
834 2472 974 2529 haec
1009 2478 1068 2529 et
1101 2492 1169 2529 ea
1201 2472 1587 2549 potissimum,
1622 2492 1766 2549 quae
1800 2472 1875 2528 le-

184 2554 475 2610 vationem
517 2552 766 2609 habeant
799 2550 1243 2628 aegritudinum,
1280 2552 1680 2623 formidinum,
1720 2552 1876 2627 cupi—

185 2632 450 2704 ditatum,
484 2631 584 2709 qui
623 2631 783 2687 omni
816 2651 847 2688 e
880 2631 1251 2709 philosophia
1283 2638 1370 2689 est
1404 2632 1627 2689 fructus
1661 2630 1875 2689 uberri-

185 2732 329 2770 mus·
