2235 3581
1960 71 1999 88 l

769 174 906 222 LIB.
948 174 1068 234 1V.‚
1104 173 1261 222 CAP.
1296 173 1608 223 X11.-X1v.
1937 177 2031 223 125

348 275 443 346 do,
459 274 712 346 firmitaS,
730 275 1018 345 velocitas,
1039 281 1174 332 sunt
1192 275 1330 332 item
1352 275 1408 330 in
1430 275 1639 332 animo.
1699 274 1861 332 Sicut
1878 277 2032 332 enim

347 356 603 432 corporis
625 355 982 432 temperatiO,
1003 374 1135 412 cum
1160 373 1227 412 ea
1247 362 1573 431 congruunt
1594 356 1743 412 inter
1765 376 1840 425 se,
1862 375 1893 412 e
1914 357 2034 432 qui-

346 436 454 494 bus
496 442 840 506 const-amm,
873 436 1100 506 sanitae,
1134 435 1213 492 sic
1256 435 1433 491 animi
1476 434 1705 505 dicitur,
1736 455 1871 492 cum
1911 437 2033 492 eius

347 516 560 573 iudicia
581 516 995 592 opinionesque
1017 515 1385 584 concordant,
1407 534 1585 591 eaque
1614 516 1791 572 animi
1820 523 1906 572 est
1928 517 2035 572 vir-

347 606 456 667 tus,
489 616 660 673 quam
704 595 800 653 alii
836 595 1018 672 ipsam
1055 595 1496 672 temperantiam
1534 595 1735 652 dicunt
1769 615 1905 666 esse,
1937 596 2033 653 alii

347 676 840 752 obtemperantem
869 676 1282 752 temperantiae
1311 676 1631 752 praeceptis
1664 683 1723 732 et
1752 695 1875 732 eam
1908 676 2034 733 sub-

347 764 680 848 sequentem
716 775 819 813 nec
853 755 1162 812 habentem
1200 754 1373 812 ullam
1411 755 1657 832 speciem
1702 775 1881 826 suam,
1914 756 2030 827 sed,

347 837 465 894 sive
493 835 604 894 hoc
635 837 750 894 sive
779 836 922 893 illud
951 837 1041 907 sit,
1062 836 1123 892 in
1154 835 1276 893 solo
1306 855 1429 893 esse
1458 836 1729 912 sapiente.
1808 835 1913 893 Est
1940 856 2035 892 au-

346 924 464 974 tem
517 917 798 994 quaedam
849 917 1026 973 animi
1077 917 1306 988 sanitaS,
1348 935 1492 993 quae
1548 917 1609 972 in
1666 917 2033 992 insipientem

347 998 524 1053 etiam
559 997 741 1069 cadat,
763 1017 895 1054 cum
931 997 1225 1054 curatione
1262 991 1347 1070 [ct
1379 993 1819 1074 gubernatione]
1857 1017 1949 1054 m<
1938 997 2035 1054 d1

347 1097 545 1134 corum
579 1077 944 1134 conturbatio
980 1077 1191 1135 mentis
1225 1077 1496 1135 aufertur.
1587 1083 1678 1134 31.
1717 1077 1793 1134 Et
1823 1085 1889 1134 ut
1916 1097 2035 1136 cor-

347 1158 505 1233 poris
541 1165 628 1214 est
657 1157 935 1234 quaedam
969 1163 1106 1234 apta
1138 1156 1321 1234 figura
1353 1156 1741 1214 membrorum
1778 1177 1909 1214 cum
1944 1177 2035 1214 co-

347 1237 484 1294 loris
507 1238 750 1315 quadam
783 1238 1060 1294 suavitate
1095 1257 1275 1314 eaque
1301 1238 1515 1295 dicitur
1541 1236 1928 1315 pulchritudO,
1954 1238 2033 1294 sic

347 1318 406 1374 in
444 1318 636 1375 animo
681 1318 1021 1394 opinionum
1060 1317 1520 1395 iudiciorumque
1562 1316 1935 1395 aequabilitas
1976 1325 2036 1374 et

348 1399 672 1455 constantia
711 1418 842 1455 cum
885 1397 1157 1455 firmitate
1193 1399 1439 1475 quadam
1482 1405 1541 1455 et
1582 1396 1896 1455 stabilitate
1932 1399 2035 1454 vir-

346 1484 532 1535 tutem
573 1477 925 1554 subsequens
967 1485 1068 1536 aut
1100 1479 1329 1535 virtutis
1364 1479 1477 1534 vim
1515 1479 1698 1554 ipsam
1732 1478 2035 1535 continens

347 1557 718 1635 pulchritudo
737 1565 986 1616 vocatur.
1047 1557 1311 1635 Itemque
1328 1559 1541 1616 viribus
1559 1559 1813 1635 corporis
1836 1565 1893 1615 et
1914 1577 2036 1614 ner-

347 1639 435 1694 vis
468 1646 527 1696 et
559 1638 882 1696 efficacitati
925 1639 1141 1696 similes
1190 1638 1585 1716 similibusque
1627 1638 1814 1696 verbis
1856 1639 2036 1696 animi

348 1719 496 1778 vires
517 1720 903 1777 nominantur.
969 1719 1265 1778 Velocitas
1286 1725 1478 1777 autem
1502 1720 1757 1797 corporis
1779 1719 2035 1776 celeritas

347 1800 684 1877 appellatur,
719 1820 863 1879 quae
905 1802 1102 1859 cadem
1149 1802 1368 1878 ingenii
1411 1801 1585 1858 etiam
1628 1802 1751 1858 laus
1792 1800 2035 1858 habetur

347 1889 585 1958 propter
617 1882 796 1938 animi
837 1881 1147 1939 multarum
1190 1902 1377 1939 rerum
1421 1881 1578 1939 brevi
1620 1888 1879 1958 tempore
1912 1900 2036 1957 per-

349 1962 686 2019 cursionem.
759 1961 926 2020 XIV.
960 1961 1111 2019 Illud
1134 1962 1456 2019 animorum
1480 1980 1902 2039 corporumque
1922 1961 2035 2018 dis-

349 2041 552 2113 simile,
579 2042 735 2119 quod
757 2042 935 2099 animi
957 2042 1209 2099 valentes
1236 2042 1440 2100 morbo
1468 2042 1740 2119 temptari
1768 2061 1885 2099 non
1906 2060 2035 2117 pos-

350 2128 501 2192 sunt,
519 2141 758 2199 corpora
786 2130 1044 2199 possunt,
1067 2122 1169 2179 sed
1202 2142 1503 2199 corporum
1538 2122 1883 2179 offensiones
1912 2122 2034 2177 sine

351 2202 520 2279 culpa
547 2202 800 2259 accidere
829 2209 1087 2279 possunt,
1112 2202 1435 2259 animorum
1464 2222 1580 2258 non
1611 2202 1765 2271 item,
1789 2221 2033 2278 quorum

351 2301 551 2339 omnes
593 2282 782 2339 morbi
816 2290 875 2339 et
916 2282 1374 2360 perturbationes
1410 2302 1480 2339 cx
1523 2282 1918 2358 aspernatione
1952 2300 2035 2338 ra-

350 2362 528 2419 tionis
549 2363 836 2433 eveniunt,
853 2363 1046 2439 itaque
1073 2363 1135 2419 in
1157 2362 1489 2419 hominibus
1512 2362 1698 2419 solum
1717 2362 2031 2419 exsistunt:

351 2462 486 2499 nam
509 2442 729 2500 bestiae
759 2442 942 2500 simile
966 2443 1242 2519 quiddam
1265 2443 1504 2513 faciunt,
1526 2442 1625 2499 sed
1655 2442 1711 2497 in
1743 2441 2035 2518 perturba-

351 2522 540 2579 tiones
577 2542 694 2579 non
723 2523 1003 2580 incidunt.
1091 2529 1185 2580 32.
1224 2521 1383 2580 Inter
1416 2530 1613 2579 acutos
1646 2529 1836 2579 autem
1868 2531 1925 2579 ct
1953 2523 2036 2579 in-

352 2610 440 2659 ter
480 2602 714 2659 hebetes
757 2603 1009 2673 interest,
1049 2603 1205 2679 quod
1245 2603 1547 2679 ingeniosi,
1584 2610 1649 2659 ut
1701 2622 1794 2659 aes
1836 2602 2036 2659 Corin-

353 2682 540 2739 thium
573 2682 636 2739 in
671 2684 1018 2759 aeruginem,
1051 2684 1132 2739 sic
1166 2683 1249 2739 illi
1282 2684 1342 2739 in
1376 2682 1644 2739 morbum
1680 2690 1739 2740 ct
1770 2683 2036 2740 incidunt

350 2762 571 2820 tardius
604 2770 664 2819 ct
695 2770 1020 2820 recreantur
1053 2763 1228 2834 ocius,
1248 2762 1483 2820 hebetes
1518 2781 1635 2819 non
1668 2764 1825 2821 item.
1912 2763 2035 2820 Nec

352 2862 486 2899 vero
520 2842 581 2899 in
617 2862 847 2900 omnem
883 2843 1148 2901 morbum
1188 2862 1253 2900 ac
1287 2843 1777 2919 perturbationem
1812 2844 2037 2900 animus

353 2922 638 2999 ingeniosi
673 2924 860 2982 cadit:
905 2943 1021 2979 non
1058 2924 1211 2980 enim
1246 2923 1307 2979 in
1342 2923 1458 2980 ulla
1485 2923 1721 2980 efferata
1748 2929 1806 2979 et
1839 2924 2038 2979 imma-

352 3003 480 3060 nia:
539 3003 817 3095 quaedam
873 3010 1066 3060 autem
1121 3003 1496 3060 humanitatis
1541 3022 1770 3080 quoque
1822 3001 2037 3060 habent

351 3083 598 3159 primam
643 3083 908 3159 speciem,
940 3090 1006 3140 ut
1047 3083 1451 3154 misericordia,
1484 3081 1799 3159 aegritudO,
1830 3089 2032 3138 metus,

353 3161 798 3239 Aegrotationes
831 3170 1023 3221 autem
1057 3162 1359 3239 morbique
1394 3164 1716 3220 animorum
1752 3159 2037 3217 difficilius

353 3243 518 3300 evelli
564 3262 732 3320 posse
777 3250 1054 3320 putantur
1095 3262 1267 3321 quam
1311 3263 1535 3300 summa
1578 3242 1674 3299 illa
1707 3241 1860 3309 vitia,
1894 3260 2037 3313 quae

1177 3326 1231 3370 11
1390 3346 1397 3349 -
