2235 3581
737 151 874 199 LIB,
916 151 1004 209 V„
1042 151 1199 199 CAP.
1235 151 1445 201 111.-v.
1840 155 1930 200 151

243 252 738 330 pecuniae,·ra1·os
779 271 899 309 esse
943 252 1241 328 quosdam,
1280 253 1378 330 qui
1422 253 1624 310 ceteris
1665 251 1936 310 omnibus

244 353 350 410 pro
380 332 563 388 nihilo
593 331 808 389 habitis
841 351 1029 389 rerum
1063 340 1330 389 naturam
1366 332 1622 390 studiose
1650 333 1937 390 intueren-

243 425 356 483 tur,
381 413 488 468 hos
510 432 570 469 se
598 411 882 488 appellare
906 413 1217 489 sapientiae
1241 413 1548 484 studiosos,
1575 413 1636 470 id
1665 420 1753 470 est
1782 413 1936 470 enim

243 492 641 572 philosophoS,
667 501 726 550 et
760 499 825 549 ut
859 492 976 548 illic
1005 491 1466 550 liberalissimum
1497 500 1646 551 esset
1680 501 1937 570 spectare

178 623 186 632 .
246 573 394 631 nihil
425 573 535 630 sibi
565 572 974 650 acquirentem,
1000 572 1163 629 sicin
1187 573 1307 630 vita
1334 572 1507 650 longe
1530 574 1801 631 omnibus
1824 581 1939 631 stu-

245 654 358 711 diis
400 652 950 730 contemplationem
995 672 1185 710 rerum
1230 654 1739 731 cognitionemque
1781 673 1939 730 prae—

247 742 412 792 stare,

328 815 432 873 IV.
511 819 600 871 10.
649 813 706 870 N
708 833 770 870 ec
799 833 934 870 vero
964 812 1329 890 Pythagoras
1358 814 1610 870 nominis
1638 813 1823 870 solum
1857 814 1939 869 in-

246 901 466 966 ventor,
499 894 601 952 sed
633 914 824 953 rerum
868 893 1041 950 etiam
1081 893 1335 970 ipsarum
1379 893 1761 971 amplificator
1803 894 1935 951 fuit.

248 975 363 1044 Qui
392 994 524 1032 cum
553 980 688 1051 post
719 973 875 1031 hunc
910 973 1229 1030 Phliasium
1267 993 1587 1031 sermonem
1618 975 1678 1030 in
1708 973 1935 1031 Italiam

247 1057 512 1126 venisset,
539 1055 836 1112 exornavit
871 1073 996 1111 eam
1025 1054 1343 1125 Graeciam,
1370 1074 1514 1131 quae
1542 1073 1755 1131 magna
1784 1054 1941 1111 dicta

249 1142 352 1207 cst,
385 1142 444 1194 et
477 1135 749 1212 privatim
783 1142 842 1193 et
875 1134 1108 1212 publice
1143 1135 1649 1211 praestantissimis
1684 1142 1743 1192 et
1778 1135 1939 1192 insti-

249 1217 392 1274 tutis
427 1223 485 1273 et
527 1215 760 1273 artibus,
831 1215 1014 1272 Cuius
1057 1215 1129 1272 de
1173 1215 1477 1292 disciplina
1518 1215 1675 1272 aliud
1708 1222 1941 1292 tempus

250 1297 428 1354 fuerit
455 1297 700 1353 fortasse
729 1296 976 1353 dicendi,
1063 1295 1180 1352 Sed
1209 1295 1281 1353 ab
1310 1296 1549 1372 ant-iqua
1568 1295 1945 1372 philosophia

251 1397 431 1454 usque
465 1377 539 1433 ad
573 1375 884 1448 Socratem,
911 1377 1011 1453 qui
1038 1375 1384 1432 Archelaum
1416 1377 1797 1452 Anaxagorae
1830 1376 1942 1432 dis-

252 1457 508 1535 cipulum
543 1453 816 1528 audierat,
849 1457 1072 1513 numeri
1105 1463 1413 1533 motusque
1455 1457 1851 1514 tractabantur
1882 1463 1941 1514 et

253 1538 407 1596 unde
436 1538 632 1594 omnia
661 1544 956 1594 orerentur
989 1556 1175 1614 quove
1210 1537 1543 1608 reciderent,
1567 1536 1941 1615 studioseque

254 1618 325 1676 ab
367 1618 439 1675 iis
481 1618 732 1674 siderum
774 1617 1220 1694 magnitudineS,
1257 1617 1570 1689 intervalla,
1608 1638 1805 1676 cursus
1846 1638 1941 1676 an-

255 1697 628 1776 quirebantur
655 1705 713 1755 et
741 1705 948 1755 cuneta
975 1697 1253 1756 caelestia,
1328 1697 1591 1756 Socrates
1614 1708 1805 1757 autem
1830 1699 1941 1776 pri-

257 1800 385 1837 mus
427 1777 856 1871 philosophiam
892 1778 1193 1837 devocavit
1235 1800 1266 1837 6
1308 1779 1465 1837 caelo
1508 1788 1567 1839 et
1609 1781 1668 1838 in
1706 1779 1942 1838 urbibus

255 1860 552 1917 collocavit
581 1866 639 1917 et
667 1861 728 1916 in
758 1860 966 1917 domus
996 1860 1169 1917 etiam
1202 1860 1526 1918 introduxit
1557 1869 1615 1919 et
1644 1862 1840 1939 coegit
1870 1862 1941 1918 de

255 1942 376 1998 vita
417 1946 475 1997 et
515 1940 773 1997 moribus
817 1940 1098 2017 rebusque
1144 1940 1309 1997 bonis
1351 1949 1410 1998 et
1452 1942 1619 1999 malis
1655 1962 1937 2020 quaerere.
1980 2007 1984 2011 ,

261 2028 350 2079 11.
388 2019 568 2078 Cuius
606 2020 910 2113 multiplex
952 2021 1100 2078 latio
1136 2021 1472 2099 disputandi
1514 2042 1818 2115 rerumque
1853 2042 1943 2079 va-

257 2102 428 2158 rietas
456 2109 515 2159 et
543 2101 761 2177 ingenii
789 2101 1135 2178 magnitudo
1166 2102 1431 2159 Platonis
1459 2122 1683 2160 mem01
1686 2124 1740 2161 1¹1
1768 2111 1825 2161 et
1855 2103 1943 2160 lit-

258 2182 394 2239 teris
427 2188 755 2239 consecrata
797 2181 962 2257 plura
1001 2201 1213 2258 genera
1246 2184 1440 2240 effecit
1478 2183 1942 2241 dissentientium

257 2261 752 2340 philosophorum.
838 2262 888 2317 Ε
923 2262 1132 2339 quibus
1173 2282 1281 2319 nos
1314 2263 1377 2320 id
1410 2263 1777 2339 potissimum
1813 2282 1944 2321 con-

259 2342 440 2399 secuti
473 2362 685 2411 sumus,
719 2362 833 2418 quo
875 2342 1170 2399 Socratem
1207 2362 1375 2399 usum
1411 2342 1840 2414 arbitrabamur,
1879 2351 1945 2401 ut

259 2430 514 2481 nostram
554 2422 668 2499 ipsi
711 2423 1057 2479 sententiam
1101 2431 1442 2499 tegeremuS‚
1475 2442 1662 2481 errore
1697 2424 1839 2481 alios
1872 2424 1947 2481 lc-

260 2523 520 2560 varemus
553 2511 612 2560 et
645 2504 705 2559 in
741 2504 900 2560 omni
935 2504 1327 2581 disputatione
1364 2504 1505 2581 quid
1539 2511 1687 2561 esset
1730 2504 1945 2561 similli-

259 2603 418 2640 mum
450 2584 566 2639 veri
596 2603 1008 2660 quaereremus,
1079 2583 1265 2653 Quem
1294 2604 1514 2645 morem
1546 2604 1674 2641 cum
1707 2584 1947 2642 Carnea-

260 2664 361 2720 des
395 2664 719 2721 acutissime
754 2665 1263 2741 copiosissimeque
1298 2665 1590 2735 tenuisset,
1615 2665 1861 2725 fecimus
1890 2673 1947 2721 et

259 2744 398 2800 alias
436 2763 602 2821 saepe
645 2751 703 2801 et
745 2764 930 2822 nuper
971 2746 1029 2801 in
1065 2744 1389 2802 Tusculano
1433 2752 1498 2802 ut
1540 2746 1613 2801 ad
1656 2765 1779 2803 eam
1817 2766 1949 2802 con-

260 2824 618 2881 suetudinem
683 2825 1125 2902 disputaremus,
1212 2826 1289 2881 Et
1346 2824 1652 2902 quadridui
1712 2826 1945 2917 quidem

259 2923 581 2961 sermonem
619 2905 1006 2983 superioribus
1041 2906 1114 2961 ad
1148 2913 1206 2962 te
1240 2905 1622 2983 perscriptum
1657 2905 1817 2962 libris
1844 2906 1945 2962 mi

259 2985 455 3057 simuS,
489 2986 694 3063 quinto
729 2994 920 3043 autem
957 2986 1050 3042 die
1085 3005 1215 3043 cum
1254 2985 1457 3042 eodem
1499 2986 1560 3041 in
1594 2985 1721 3041 loeo
1756 3004 1950 3042 conse-

258 3066 558 3137 dissemus,
585 3068 665 3123 sie
695 3074 782 3123 est
810 3067 1173 3143 propositum
1206 3066 1278 3123 de
1308 3085 1423 3143 quo
1453 3065 1889 3142 disputaremus,

340 3148 412 3206 V,
489 3153 578 3205 12.
619 3148 689 3204 A.
738 3147 869 3203 Non
901 3146 1046 3203 mihi
1077 3146 1304 3203 videtur
1338 3145 1410 3203 ad
1444 3145 1609 3205 beate
1639 3144 1947 3203 vivendum

259 3229 398 3287 satis
427 3249 594 3304 posse
627 3228 911 3285 virtutem,
