2235 3581
673 201 813 250 LIB.
854 200 979 262 111.,
1013 199 1172 250 CAP.
1214 200 1714 250 XXVI.-XXVIII.
1936 203 2029 250 105

338 303 658 362 Constabat
685 323 799 374 eos,
818 304 917 380 qui
946 303 1348 361 concidentem
1377 302 1705 361 vulneribus
1734 303 1839 361 Cn.
1858 303 2031 360 Pom-

337 385 534 462 peium
559 384 852 454 vidissent,
874 402 1006 441 cum
1028 384 1090 441 in
1112 383 1213 441 illo
1242 384 1370 461 ipso
1392 383 1757 441 acerbissimo
1786 384 2031 442 miserri-

337 484 551 542 moque
586 464 910 541 spectaculo
946 463 1055 521 sibi
1090 465 1376 534 timerent,
1412 463 1565 541 quod
1610 483 1669 522 se
1712 463 1886 522 classe
1928 464 2029 522 ho-

339 545 514 602 stium
533 545 914 602 circumfusos
932 543 1207 616 viderent,
1228 543 1373 600 nihil
1395 544 1551 602 aliud
1571 551 1699 602 tum
1716 545 1900 622 egisse
1916 545 2029 603 nisi

337 631 405 682 ut
431 624 678 701 remiges
710 624 1077 682 hortarentur
1109 631 1170 682 ct
1203 631 1269 681 ut
1302 624 1545 682 salutem
1579 625 2031 703 adipiscerentur

337 705 512 780 fuga:
555 712 760 782 postea
793 724 964 782 quam
997 705 1221 781 Tyrum
1253 704 1557 776 venissent,
1588 711 1715 762 tum
1746 705 2028 764 adflictari

337 784 752 862 lamentarique
781 786 1051 862 coepisse.
1138 785 1341 842 Timor
1361 785 1540 862 igitur
1566 784 1637 844 ab
1666 786 1757 842 his
1785 786 2028 863 aegritu-

338 865 532 922 dinem
561 865 756 943 potuit
785 865 1073 943 repellere,
1097 865 1247 923 ratio
1275 864 1349 923 ab
1370 866 1615 943 sapienti
1638 866 1759 923 viro
1787 885 1907 923 non
1926 886 2029 944 po-

337 945 508 1003 terit?

416 1025 710 1084 XXVIII.
748 1026 902 1094 Quid
933 1033 1019 1084 est
1051 1034 1245 1086 autem
1276 1027 1432 1106 quod
1459 1026 1589 1104 plus
1616 1026 1800 1084 valeat
1826 1026 1901 1084 ad
1926 1046 2029 1103 po-

338 1105 593 1163 nendum
636 1105 913 1178 dolorem,
946 1126 1120 1185 quam
1170 1127 1301 1165 cum
1352 1115 1440 1166 est
1484 1106 1836 1166 intellectum
1880 1106 2025 1164 nihil

337 1185 541 1263 profici
569 1193 628 1244 et
659 1187 874 1244 frustra
907 1207 1028 1246 esse
1063 1189 1434 1265 susceptum?
1516 1187 1579 1245 Si
1607 1187 1785 1264 igitur
1812 1187 2027 1280 deponi

337 1272 546 1343 potest,
568 1266 742 1325 etiam
771 1287 890 1325 non
913 1269 1127 1346 suscipi
1147 1276 1357 1345 potest.
1422 1267 1740 1326 Voluntate
1769 1267 1948 1344 igitur
1968 1274 2028 1325 et

338 1346 553 1405 iudicio
599 1347 811 1425 suscipi
857 1349 1277 1442 aegritudinem
1326 1348 1719 1406 confitendum
1764 1355 1882 1405 est:
1930 1347 2022 1405 67.

339 1426 514 1505 idque
542 1428 829 1486 indicatur
861 1448 1058 1487 eorum
1093 1429 1389 1506 patientia,
1412 1428 1511 1504 qui
1540 1447 1671 1486 cum
1698 1427 1884 1484 multa
1911 1427 2029 1484 sint

339 1526 507 1599 saepe
535 1509 806 1586 perpessi,
825 1505 1052 1568 facilius
1079 1511 1277 1568 ferunt
1300 1507 1584 1586 quidquid
1612 1508 1821 1565 accidit
1850 1507 2027 1564 obdu-

338 1588 632 1667 ruisseque
673 1590 790 1646 iam
824 1609 946 1648 sese
986 1597 1189 1648 contra
1227 1590 1524 1647 fortunam
1566 1587 1930 1660 arbitrantur,
1962 1595 2029 1645 ut

339 1667 436 1726 ille
463 1669 620 1747 apud
647 1669 1015 1747 Euripidem·

569 1781 622 1831 Si
648 1781 771 1830 mihi
794 1797 924 1831 nunc
948 1781 1105 1833 tiistis
1133 1782 1348 1846 primum
1375 1780 1621 1831 illuxisset
1644 1781 1766 1843 dies,

570 1849 678 1897 Nec
702 1858 808 1896 tam
830 1864 1128 1897 aerumnoso
1152 1849 1513 1909 navigavissem
1536 1848 1657 1909 salo,

569 1915 717 1962 Esset
741 1914 940 1963 dolendi
963 1930 1131 1976 causa,
1156 1925 1212 1963 ut
1234 1915 1416 1963 iniecto
1438 1914 1596 1962 eculei

568 1981 735 2029 Freno
756 1990 958 2042 repente
981 1989 1117 2029 tactu
1142 1980 1463 2040 exagitantur
1487 1994 1642 2028 novo:

571 2046 670 2095 Sed
693 2046 795 2093 inm
819 2047 1052 2095 subactus
1076 2046 1289 2095 miseriis
1312 2046 1555 2109 obtorpui.

341 2164 705 2241 Defetigatio
749 2164 926 2242 igitur
966 2165 1323 2222 miseriarum
1357 2163 1744 2240 aegritudines
1782 2183 1914 2220 cum
1947 2163 2031 2220 fa-

342 2244 458 2301 ciat
505 2244 766 2316 lenioreS‚
803 2245 1060 2322 intellegi
1104 2264 1332 2303 neccsse
1378 2252 1465 2301 cst
1513 2263 1629 2300 non
1674 2262 1794 2300 rem
1843 2244 2029 2320 ipsam

343 2344 570 2381 causam
602 2332 774 2402 atque
795 2326 1020 2382 fontem
1045 2344 1166 2382 esse
1192 2324 1481 2382 maeroris.
1558 2329 1649 2381 68.
1686 2322 2031 2414 Philosophi

344 2406 556 2462 summi
579 2424 763 2498 neque
785 2405 923 2462 dum
946 2413 1139 2463 tamen
1164 2404 1505 2483 sapientiam
1528 2403 1819 2461 consecuti
1839 2422 2031 2461 nonne

343 2484 729 2577 intellegunt
714 2506 773 2542 ιιι
810 2505 1036 2543 summo
1071 2506 1131 2543 se
1164 2485 1317 2543 malo
1351 2486 1504 2542 esse?
1587 2482 1736 2541 Sunt
1764 2483 1919 2540 enim
1948 2483 2032 2539 in-

344 2565 634 2643 sipienteS‚
660 2585 846 2643 neque
879 2565 1211 2642 insipientia
1242 2565 1424 2623 ullum
1458 2564 1644 2622 maius
1677 2564 1893 2621 malum
1926 2572 2028 2633 est,

342 2665 530 2723 neque
574 2654 768 2704 tamen
819 2645 1032 2721 lugent.
1111 2646 1268 2714 Quid
1309 2646 1424 2703 ita?
1475 2646 1610 2722 quia
1656 2644 1793 2701 huic
1834 2644 2031 2721 generi

342 2727 629 2783 malorum
662 2746 780 2783 non
823 2694 1137 2803 adfingitur
1176 2726 1273 2783 illa
1315 2726 1530 2803 opini0,
1562 2732 1780 2782 rectum
1820 2743 1940 2781 csse
1974 2731 2032 2781 et

343 2826 591 2883 acquum
634 2813 694 2864 et
733 2806 808 2864 ad
849 2805 1101 2863 officium
1143 2806 1427 2883 pertinere
1468 2825 1635 2880 aegre
1678 2806 1827 2862 ferre
1871 2803 2030 2896 quod

345 2887 572 2963 sapiens
600 2906 717 2944 non
747 2888 838 2944 sis,
918 2886 1089 2955 Quod
1116 2887 1273 2944 idem
1307 2886 1653 2963 adfingimus
1681 2885 1816 2943 huic
1850 2884 2034 2960 aegri-

343 2967 593 3039 tudini,·'
577 2987 636 3024 ιιι
663 2985 776 3044 qua
795 2968 981 3025 luctus
1010 2967 1174 3037 inest,
1202 2986 1345 3044 quae
1374 2967 1633 3023 omnium
1655 2964 1906 3021 maxima
1926 2971 2028 3021 cst.

349 3052 440 3105 69.
488 3047 692 3140 Itaque
715 3047 1058 3105 Aristoteles
1087 3054 1304 3105 veteres
1337 3045 1715 3124 philosophos
1743 3061 2029 3113 accusans,

346 3128 446 3205 qui
481 3128 962 3185 existimavissent
1002 3126 1431 3204 philosophiam
1474 3126 1590 3183 suis
1632 3122 1879 3197 ingeniis
1912 3140 2032 3178 esse

344 3208 681 3285 perfectam,
697 3208 790 3265 ait
817 3228 915 3265 eos
942 3214 1043 3265 aut
1064 3207 1434 3265 stultissimos
1462 3213 1561 3263 aut
1588 3200 2033 3280 gloriosissimos

345 3288 544 3357 fuisse,
567 3288 670 3345 scd
698 3307 758 3345 se
777 3288 985 3358 videre,
1011 3287 1167 3364 qu'od
1201 3288 1398 3365 paucis
1426 3285 1589 3343 annis
1617 3300 1827 3357 magna
1854 3296 2033 3336 acces-
