2235 3581
259 187 322 234 72
480 180 1070 234 TUSCULANARUM
1114 182 1280 232 DISP
1288 182 1717 233 UTATIONUM

257 285 414 344 rile.’'
475 293 566 344 52.
588 285 978 356 Obversentur
997 285 1215 362 species
1235 285 1510 342 honestae
1528 285 1752 343 animo:
1788 285 1942 344 Zeno

257 374 614 445 proponatur
647 365 889 433 Eleates,
921 365 1022 442 qui
1063 385 1365 442 perpessus
1398 372 1485 423 est
1520 366 1715 422 omnia
1747 367 1943 444 potius

258 467 431 524 quam
477 446 736 504 conscios
781 444 1056 502 delendae
1100 445 1423 522 tyrannidis
1472 445 1764 504 indicaret.
1850 447 1943 504 De

257 526 602 584 Anaxarcho
639 526 998 583 Democritio
1033 526 1334 602 cogitetur,
1368 525 1467 602 qui
1500 545 1631 582 cum
1666 525 1847 603 Cypri
1881 527 1942 583 in

256 627 460 664 manus
506 606 904 664 Nicocreontis
949 607 1098 683 regis
1147 605 1459 676 incidisset,
1496 604 1719 662 nullum
1760 625 1942 682 genus

255 686 522 764 supplicii
547 687 881 764 deprecatus
901 693 989 744 est
1009 705 1195 763 neque
1217 686 1510 743 recusavit.
1576 684 1823 742 Calanus
1850 686 1943 743 In-

255 767 380 838 duS‚
418 767 686 825 indoctus
726 787 792 824 ac
830 766 1112 837 barbaruS,
1150 766 1209 822 in
1254 765 1541 822 radicibus
1574 765 1813 823 Caucasi
1846 786 1942 824 na-

254 856 366 919 tus,
399 868 502 904 sua
529 848 823 905 voluntate
851 848 1014 904 vivus
1041 845 1376 903 combustus
1405 851 1505 903 est.
1592 845 1732 918 Nos,
1765 846 1812 903 si
1840 866 1941 923 pes
1970 855 1975 860 “

255 928 570 1000 condoluit,
596 929 644 985 si
665 928 823 998 denS,
847 927 896 984 si
923 933 1143 984 tactum
1174 926 1372 984 dolore
1398 945 1621 1002 corpuS,
1647 926 1795 984 ferre
1823 946 1941 983 non

256 1028 576 1086 possumus
650 1007 866 1084 Opinio
895 1015 982 1065 est
1015 1007 1169 1064 enim
1200 1006 1481 1084 quaedam
1516 1007 1849 1064 effeminata
1875 1026 1940 1064 ae

255 1089 395 1145 levis
423 1108 527 1146 nec
557 1089 616 1145 in
652 1088 850 1146 dolore
882 1087 1067 1164 magis
1095 1107 1270 1165 quam
1299 1087 1499 1145 eadem
1534 1087 1596 1144 in
1624 1087 1937 1164 voluptate,

256 1188 371 1244 qua
403 1189 533 1225 cum
577 1169 933 1245 liquiscimus
973 1167 1319 1245 fluimusque
1358 1167 1620 1238 mollitia,
1656 1167 1781 1244 apis
1815 1186 1939 1224 acu-

255 1248 410 1305 leum
440 1249 559 1306 sine
583 1249 828 1306 clamore
852 1249 1001 1306 ferre
1029 1267 1147 1305 non
1176 1267 1497 1324 possumus,
1572 1253 1663 1304 53.
1700 1248 1785 1304 At
1805 1266 1939 1304 vero

254 1328 320 1386 C.
354 1328 583 1402 Marius,
615 1329 935 1386 rusticanus
965 1329 1064 1398 vir,
1096 1328 1198 1385 sed
1230 1328 1399 1406 plane
1427 1327 1529 1398 vir,
1566 1347 1698 1384 cum
1732 1346 1940 1384 secare-

253 1415 365 1480 tur,
401 1416 468 1466 ut
510 1429 681 1486 supra
721 1409 860 1480 dixi,
895 1408 1181 1485 principio
1216 1408 1402 1464 vetuit
1442 1427 1503 1465 se
1540 1407 1797 1484 adligari,
1834 1427 1940 1464 nec

255 1490 558 1566 quisquam
601 1496 734 1547 ante
777 1488 1023 1546 Marium
1065 1487 1285 1546 solutus
1319 1488 1530 1545 dicitur
1571 1507 1691 1544 csse
1734 1494 1934 1545 sectus,

253 1569 374 1626 Cur
413 1589 552 1646 ergo
594 1575 798 1647 postea
831 1569 964 1626 alii?
1039 1568 1243 1626 Valuit
1284 1569 1608 1626 auctoritas,
1683 1567 1938 1626 Videsne

254 1650 434 1725 igitur
456 1650 746 1726 opinionis
765 1669 904 1720 esse,
925 1669 1042 1706 non
1071 1656 1307 1706 naturae
1328 1648 1577 1705 malum?
1646 1648 1723 1705 Et
1744 1655 1939 1705 tamen

253 1730 432 1786 fuisse
461 1749 646 1787 acrem
675 1749 933 1788 morsum
968 1729 1182 1785 doloris
1215 1728 1369 1786 idem
1406 1728 1621 1785 Marius
1649 1728 1937 1786 ostendit:

253 1830 382 1867 crus
417 1811 570 1867 enim
604 1809 846 1867 alterum
881 1829 998 1866 non
1033 1809 1312 1886 praebuit.
1398 1808 1490 1866 Ita
1524 1816 1581 1866 et
1614 1810 1749 1867 tulit
1781 1809 1940 1866 dolo-

253 1910 374 1947 rem
404 1898 469 1947 ut
498 1891 583 1947 vir
611 1897 668 1948 et
696 1897 762 1947 ut
787 1888 965 1947 homo
999 1890 1276 1946 maiorem
1311 1889 1460 1947 ferre
1494 1890 1615 1947 sine
1650 1908 1819 1946 causa
1844 1908 1939 1946 ne-

253 1971 494 2028 cessaria
521 1971 721 2031 noluit.
799 1970 1016 2028 Totum
1049 1970 1230 2046 igitur
1262 1969 1322 2025 in
1358 1988 1427 2025 eo
1462 1976 1564 2041 est,
1596 1976 1662 2026 ut
1695 1968 1802 2026 tibi
1836 1969 1939 2025 im-

253 2070 431 2127 peres,
502 2051 745 2110 Ostendi
780 2059 970 2109 autem
1008 2050 1168 2127 quod
1200 2056 1350 2107 esset
1383 2049 1705 2127 imperandi
1738 2068 1936 2126 genus,

251 2138 425 2208 atque
447 2131 587 2189 haec
609 2132 901 2209 cogitatio,
924 2130 1063 2209 quid
1090 2130 1387 2207 patientia,
1414 2130 1554 2207 quid
1575 2130 1937 2200 fortitudine,

253 2212 394 2288 quid
424 2213 823 2289 magnitudine
845 2212 1022 2269 animi
1051 2211 1458 2288 dignissimum
1489 2210 1580 2282 sit,
1605 2230 1723 2267 non
1753 2209 1939 2267 solum

251 2293 509 2349 animum
540 2294 885 2370 comprimit,
911 2292 1010 2349 sed
1038 2292 1229 2370 ipsum
1254 2292 1428 2349 etiam
1458 2290 1717 2349 dolorem
1744 2291 1939 2349 nescio

251 2392 368 2450 quo
397 2381 566 2450 pacto
597 2371 1070 2431 mitiorem‘facit.

335 2452 562 2511 XXIII.
653 2458 742 2510 54.
782 2453 870 2511 Ut
911 2453 1065 2510 enim
1105 2451 1171 2510 fit
1213 2452 1271 2510 in
1316 2451 1555 2531 proeli0,
1590 2459 1660 2509 ut
1698 2452 1940 2528 ignavus

251 2532 416 2589 miles
459 2552 522 2590 ac
565 2534 820 2603 timidus,
867 2534 1037 2591 simul
1080 2552 1145 2589 ac
1179 2534 1389 2590 viderit
1430 2532 1677 2603 hostem,
1713 2532 1939 2589 abiecto

249 2621 414 2671 scuto
443 2614 634 2690 fugiat
663 2620 942 2689 quantum
973 2614 1156 2690 possit
1185 2613 1259 2670 ob
1290 2632 1531 2690 eamque
1560 2632 1789 2670 causam
1818 2631 1939 2689 per-

249 2699 359 2764 cat,
396 2712 512 2749 non
554 2713 869 2770 numquam
913 2696 1087 2751 etiam
1128 2694 1353 2771 integro
1396 2712 1653 2771 corpore,
1692 2710 1824 2749 cum
1867 2692 1936 2762 ei,

252 2774 350 2850 qui
386 2774 624 2845 steterit,
662 2773 806 2831 nihil
850 2774 962 2831 tale
1002 2774 1269 2845 evenerit,
1308 2774 1388 2831 sic
1424 2775 1542 2851 qui⁴
1566 2773 1783 2830 doloris
1819 2791 1940 2848 spe-

249 2854 392 2911 ciem
426 2855 574 2911 ferre
603 2874 719 2910 non
750 2861 992 2930 possunt
1021 2854 1299 2911 abiiciunt
1328 2874 1387 2912 sc
1416 2862 1589 2933 atque
1619 2854 1701 2910 ita
1722 2851 1938 2909 adflicti

249 2941 310 2991 et
339 2934 648 2991 exanimati
679 2935 899 2991 iacent:
937 2935 1034 3012 qui
1057 2942 1249 2991 autem
1280 2935 1613 2992 restiterunt
1635 2932 1940 2990 discedunt

251 3014 580 3091 saepissime
623 3016 956 3091 superiores,
1042 3013 1195 3079 „Sunt
1238 3015 1391 3071 enim
1436 3014 1717 3091 quaedam
1760 3012 1939 3069 animi

251 3094 658 3152 similitudines
687 3113 818 3151 cum
849 3113 1100 3170 corpore.
1180 3094 1267 3151 Ut
1298 3114 1471 3151 onera
1504 3094 1792 3151 contentis
1821 3112 1939 3150 cor-

251 3174 488 3249 poribus
516 3174 744 3231 facilius
775 3175 1056 3245 feruntur,
1087 3174 1338 3230 remissis
1374 3175 1731 3251 opprimunt,
1764 3171 1939 3229 simil-

251 3252 387 3311 lime
417 3254 642 3312 animus
670 3254 990 3313 intentione
1020 3273 1123 3313 sua
1150 3252 1385 3333 depellit
1413 3272 1672 3333 pressum
1704 3270 1935 3311 omnem
