2235 3581
178 199 273 246 106
399 189 996 248 TUSCULANARUM
1043 189 1644 245 DISPUTATIONUM

177 299 262 355 sio
291 297 446 355 facta
473 305 637 369 esset,
663 297 822 356 brevi
843 303 1103 374 tempore
1128 296 1573 374 philosophiam
1586 295 1755 374 plane
1772 291 1866 354 ab

177 378 425 435 solutam
445 379 585 435 fore.
645 377 1129 462 Theophrastus
1097 385 1291 435 autem
1309 377 1560 436 moriens
1578 391 1866 434 accusasse

177 466 439 516 naturam
472 458 699 529 dicit-ur,
722 458 879 535 quod
902 459 1082 515 cervis
1110 467 1170 515 et
1198 457 1523 515 cornicibus
1544 458 1736 514 vitam
1745 457 1868 514 diu-

177 547 424 609 turnam,
451 558 696 631 quorum
730 539 792 595 id
826 538 972 595 nihil
1007 539 1323 609 interesset,
1355 533 1704 609 hominibuS,
1732 557 1869 615 quo-

177 636 306 676 rum
321 620 570 676 maxime
585 619 956 689 interfuisset,
974 627 1092 676 tam
1109 619 1374 696 exiguam
1389 620 1567 676 vitam
1585 617 1864 675 dedisset:

179 713 421 776 quorum
459 700 507 757 si
541 707 696 758 aetas
729 699 1013 776 potuisset
1046 719 1167 757 esse
1196 699 1583 776 longinquior,
1603 698 1862 755 futurum

176 781 356 838 fuisse
379 787 444 837 ut
467 778 735 837 omnibus
755 780 1026 856 perfectis
1056 779 1275 836 artibus
1296 780 1456 836 omni
1484 779 1749 836 doctrina
1769 778 1865 834 ho-

179 861 404 926 minum
439 861 559 917 vita
599 860 933 918 erudiretur.
1006 859 1365 928 Querebatur
1404 859 1586 936 igitur
1626 879 1687 926 se
1719 866 1864 924 tum,

177 961 308 998 cum
339 940 436 997 illa
465 941 658 998 videre
692 939 990 1018 coepisset,
1013 940 1323 1018 exstingui.
1388 930 1583 1008 Quid?
1624 959 1692 996 ex
1722 946 1867 997 cete-

177 1021 254 1077 ris
276 1011 640 1098 philosophis
663 1039 854 1078 nonne
877 1021 1151 1097 optimus
1156 1029 1215 1078 et
1234 1020 1603 1096 gravissimus
1626 1019 1866 1112 quisque

177 1099 484 1158 confitetur
516 1100 700 1158 multa
732 1119 791 1157 se
824 1101 1086 1177 ignorare
1126 1107 1185 1158 et
1216 1101 1401 1157 multa
1432 1100 1544 1157 sibi
1577 1101 1749 1158 etiam
1786 1107 1867 1156 at-

179 1201 288 1258 que
317 1181 490 1238 etiam
521 1200 642 1238 esse
671 1150 978 1238 discenndass
1055 1181 1146 1239 70.
1184 1181 1386 1259 Neque
1414 1186 1626 1251 tamen,
1652 1199 1782 1238 cum
1807 1199 1865 1236 se

177 1263 236 1320 in
266 1261 458 1319 media
485 1261 746 1332 stultitia,
769 1281 884 1338 qua
905 1261 1047 1318 nihil
1077 1268 1165 1318 est
1192 1262 1371 1338 peiuS,
1392 1261 1622 1318 haerere
1651 1260 1867 1318 intelle-

176 1349 340 1419 gant,
365 1341 724 1437 aegritudine
759 1349 1111 1418 premuntur.
1199 1340 1373 1398 Nulla
1406 1342 1557 1398 enim
1594 1341 1867 1398 admisce—

176 1431 272 1480 tur
300 1425 498 1500 opinio
529 1422 770 1481 officiosi
791 1421 1020 1480 doloris.
1078 1422 1251 1492 Quid,
1276 1422 1374 1499 qui
1385 1437 1517 1479 non
1548 1429 1759 1498 putant
1784 1421 1867 1478 lu-

175 1503 431 1580 gendum
460 1501 632 1562 viris?
667 1503 849 1580 qualis
871 1503 986 1559 fuit
1006 1501 1074 1570 Q.
1095 1499 1391 1559 Maximus
1420 1502 1661 1560 efferens
1682 1501 1862 1559 filium

177 1585 548 1655 consularem,
582 1584 764 1662 qual-is
803 1583 864 1640 L.
890 1583 1127 1640 Paullus
1160 1582 1386 1640 duobu‘s
1423 1583 1627 1660 paucis
1663 1582 1868 1640 diebus

177 1665 401 1722 amissis
429 1664 577 1735 filiis,
601 1664 784 1741 qualis
814 1662 890 1720 M.
913 1663 1060 1721 Cato
1089 1671 1353 1741 praetore
1386 1663 1868 1740 designato-mor-

176 1752 278 1802 tuo
307 1744 444 1815 filio,
468 1745 664 1822 quales
691 1744 912 1822 reliqui,
938 1764 1082 1822 quos
1110 1744 1171 1801 in
1201 1742 1611 1803 Consolatione
1639 1743 1867 1821 collegi-

177 1846 322 1882 mus,
395 1826 486 1883 71.
521 1824 674 1893 Quid
703 1824 810 1881 hos
845 1825 1001 1882 aliud
1035 1824 1285 1902 placavit
1318 1824 1428 1881 nisi
1460 1825 1618 1901 quod
1647 1825 1862 1882 luctum

178 1913 236 1963 et
266 1924 580 1963 maerorem
611 1924 731 1962 esse
760 1925 876 1962 non
907 1905 1191 1983 putabant
1213 1905 1356 1962 viri?
1424 1904 1581 1981 Ergo
1610 1905 1687 1976 id,
1710 1905 1867 1982 quod

177 1984 274 2042 alii
302 1992 520 2042 rectum
552 1983 854 2063 opinantes
882 1986 1229 2063 aegritudini
1258 2006 1317 2043 se
1341 1984 1527 2042 solent
1555 1985 1778 2055 dedere,
1806 1984 1867 2041 id

177 2066 239 2123 hi
262 2073 428 2143 turpe
451 2073 721 2143 putantes
749 2066 1169 2143 aegritudinem
1192 2065 1579 2143 reppulerunt.
1640 2066 1727 2122 Ex
1751 2084 1865 2157 quo

178 2146 532 2223 intellegitur
558 2166 677 2204 non
707 2146 769 2204 in
795 2154 1015 2218 natura,
1037 2147 1221 2205 sedin
1244 2146 1517 2224 opinione
1546 2166 1667 2204 esse
1688 2145 1867 2222 aegri-

177 2227 456 2284 tudinem

259 2307 487 2365 XXIX.
526 2307 744 2364 Contra
771 2307 1042 2364 dicuntur
1069 2306 1243 2365 haec:
1288 2306 1431 2377 Quis
1458 2313 1579 2365 tam
1610 2306 1863 2377 demenS,

179 2395 245 2445 ut
279 2408 381 2445 sua
407 2388 701 2445 voluntate
735 2389 1022 2444 maereat?
1104 2387 1327 2445 Natura
1364 2388 1553 2445 adfert
1587 2386 1865 2457 dolorem,

179 2469 273 2525 cui
292 2468 524 2545 quidem
545 2468 804 2538 Crantor,
826 2468 1113 2545 inquiunt,
1136 2475 1322 2525 vester
1337 2467 1657 2525 cedendum
1680 2474 1862 2544 putat.

179 2548 402 2605 Premit
429 2548 580 2605 enim
613 2550 784 2622 atque
815 2548 992 2605 instat
1020 2568 1125 2605 nec
1154 2548 1340 2605 resisti
1368 2554 1577 2625 potest.
1663 2547 1867 2623 Itaque

180 2628 380 2687 Oileus
409 2628 504 2685 ille
525 2626 680 2704 apud
703 2627 1068 2705 Sophoclem,
1091 2629 1191 2706 qui
1209 2627 1580 2685 Telamonem
1605 2634 1773 2685 antea
1794 2626 1867 2683 de

183 2709 374 2765 Aiacis
389 2715 574 2765 morte
587 2708 913 2766 consolatus
928 2717 1094 2781 esset,
1105 2711 1171 2779 is,
1185 2728 1316 2765 cum
1331 2708 1642 2765 audivisset
1655 2707 1727 2765 de
1742 2726 1865 2776 suo,

179 2790 395 2846 fractus
418 2795 518 2845 est.
590 2787 682 2845 De
705 2792 866 2846 cuius
887 2796 1244 2847 commutata
1263 2795 1456 2847 mente
1479 2788 1559 2845 sic
1581 2787 1825 2845 dicitur:

309 2900 416 2947 Nec
440 2914 555 2947 vero
577 2907 718 2947 tanta
742 2900 996 2962 praeditus
1021 2900 1266 2962 sapientia.

311 2965 584 3027 Quisquam
610 2974 688 3013 est
710 2966 796 3027 qui
820 2966 1033 3014 aliorum
1056 2981 1353 3013 aerumnam
1376 2965 1524 3014 dictis
1548 2964 1785 3014 adlevans

308 3031 424 3079 Non
447 3031 599 3090 idem,
619 3046 731 3079 cum
757 3032 956 3078 fortuna
977 3039 1175 3078 mutata
1196 3030 1439 3093 impetum

308 3096 598 3155 Convertat,
619 3096 760 3143 clade
785 3096 950 3144 subita
972 3096 1235 3155 frangatur
1256 3111 1364 3156 sua,

311 3161 380 3209 Ut
404 3161 490 3208 illa
511 3160 576 3207 ad
600 3160 725 3207 alios
749 3160 882 3207 dicta
907 3169 957 3209 et
980 3168 1244 3223 praecepta
1267 3159 1519 3209 excidant.

177 3269 338 3327 Haec
369 3290 496 3327 cum
523 3270 838 3347 disputant,
861 3271 970 3329 hoc
993 3272 1229 3331 student
1256 3271 1493 3345 efficere,
1514 3277 1751 3331 naturae
1769 3272 1868 3329 oh,
