2235 3581
249 165 347 216 134
472 163 651 214 'rUSc
659 162 1065 212 ULANARUM
1111 161 1711 212 DISPUTATIONUM

249 265 387 324 dine
430 272 642 324 tectam
685 272 857 342 atque
898 264 1254 322 involutam?
1297 282 1410 340 qua
1450 270 1646 340 apert-a
1679 263 1806 340 quis
1848 271 1937 322 est

253 346 352 422 qui
385 353 486 402 aut
518 345 781 402 bellatori
816 351 915 402 aut
949 343 1282 421 imperatori
1317 350 1416 401 aut
1454 343 1666 400 oratori
1700 352 1937 420 quaerat

249 426 470 503 aliquid
499 445 682 503 neque
711 445 810 483 eos
838 425 1127 482 existimet
1156 425 1277 481 sine
1305 423 1461 481 rabie
1485 423 1797 501 quidquam
1820 424 1938 481 for-

249 506 386 564 titer
410 507 599 563 facere
629 507 831 582 posset3
904 511 994 562 54.
1029 505 1221 572 Quid?
1276 503 1475 575 Stoici,
1498 504 1595 581 qui
1625 523 1825 562 omnes
1852 504 1938 560 in-

251 585 523 662 sipientes
557 586 787 642 insanos
830 605 950 643 esse
989 585 1206 655 dicunt,
1238 603 1429 641 nonne
1465 585 1576 656 ista
1615 583 1936 660 colligunt?

249 665 504 724 Remove
534 665 994 742 perturbationes
1027 665 1389 741 maximeque
1424 664 1792 734 iracundiam,
1817 664 1934 720 iam

249 745 598 812 videbuntur
629 752 888 803 monstra
921 745 1123 802 dicere.
1211 744 1380 802 Nunc
1418 751 1613 802 autem
1648 744 1729 801 ita
1762 744 1934 802 disse—

248 833 398 897 runt,
431 826 512 884 sic
555 845 613 883 se
657 825 862 896 dicere,
893 845 1094 883 omnes
1138 824 1344 882 stultos
1385 825 1647 895 insanire,
1680 832 1755 904 ut·
1784 824 1935 882 male

250 906 401 964 olere
443 925 615 963 omne
659 925 913 971 caenum.
991 905 1076 963 At
1116 925 1233 963 non
1278 923 1517 981 semper.
1596 904 1931 976 Commove‚

249 987 473 1046 senties,
552 986 646 1044 Sic
675 985 980 1043 iracundus
1007 1004 1124 1043 non
1155 1004 1378 1062 semper
1401 986 1577 1042 iratus
1604 993 1722 1042 est:
1767 985 1936 1043 laces-

249 1086 326 1136 se,
357 1067 471 1124 iam
506 1066 729 1124 videbis
769 1067 1076 1124 furentem.
1156 1065 1345 1134 Quid?
1392 1065 1503 1123 ista
1534 1065 1797 1122 bellatrix
1832 1066 1936 1123 ira-

249 1147 474 1217 cundia,
499 1166 631 1204 cum
655 1147 892 1204 domum
915 1147 1103 1217 rediit,
1123 1146 1305 1223 qualis
1326 1153 1413 1203 est
1434 1164 1567 1203 cum
1588 1165 1781 1215 uxore,
1801 1165 1935 1202 cum

250 1226 458 1297 liberis,
477 1246 607 1284 cum
621 1227 874 1284 familia?
909 1246 980 1284 an
998 1233 1123 1283 tum
1145 1245 1373 1303 quoque
1391 1233 1478 1283 est
1499 1225 1656 1283 utilis
1674 1227 1693 1282 ἓ
1741 1225 1818 1283 Et
1831 1226 1937 1302 igi-

249 1313 344 1364 tur
365 1306 581 1384 aliquid
601 1307 756 1384 quod
777 1306 1109 1384 perturbata
1129 1326 1293 1364 mens
1313 1306 1519 1364 melius
1540 1305 1725 1383 possit
1745 1306 1935 1364 facere

250 1406 422 1463 quam
451 1389 756 1445 constans?
826 1387 923 1443 An
947 1387 1249 1479 quisquam
1272 1393 1465 1463 potest
1494 1387 1614 1444 sine
1642 1385 1938 1463 perturba-

248 1467 408 1524 tione
437 1468 648 1524 mentis
675 1467 878 1524 irasci?
958 1467 1120 1524 Bene
1148 1467 1328 1542 igitur
1353 1467 1553 1538 nostri,
1578 1486 1709 1524 eum
1740 1467 1938 1524 omnia

249 1556 438 1605 essent
471 1547 530 1604 in
566 1548 817 1618 moribus
845 1547 1001 1618 vitia,
1035 1548 1193 1624 quod
1231 1546 1452 1604 nullum
1488 1553 1609 1604 erat
1642 1546 1938 1604 iracundia

249 1627 495 1698 foedius,
521 1612 825 1684 iracundos
859 1628 1010 1684 solos
1039 1646 1287 1684 moro-303
1314 1627 1769 1684 nominaverunt.

330 1708 526 1765 XXV.
615 1714 706 1765 55.
745 1707 1046 1766 Oratorem
1086 1722 1221 1764 vero
1260 1707 1426 1764 irasci
1469 1707 1707 1763 minime
1750 1707 1933 1776 decet,

249 1787 516 1847 simulare
551 1808 666 1847 non
703 1787 956 1848 dedecet.
1025 1787 1123 1845 An
1158 1787 1315 1845 tibi
1301 1787 1466 1845 irasci
1498 1795 1621 1845 tum
1654 1786 1933 1856 videmur,

247 1887 381 1925 cum
421 1869 609 1945 quid
594 1888 653 1925 in
690 1869 872 1926 causis
907 1869 1091 1926 acrius
1134 1876 1193 1925 et
1225 1867 1619 1925 vehementius
1652 1868 1938 1925 dicimus?

251 1948 426 2024 quid?
469 1968 599 2006 cum
624 1948 734 2005 iam
769 1948 936 2007 rebus
963 1948 1267 2005 transactis
1295 1955 1353 2005 et
1380 1947 1701 2024 praeteritis
1729 1948 1939 2006 oratio-

249 2046 350 2085 nes
377 2028 695 2098 scribimuS,
721 2048 860 2085 num
891 2030 1022 2086 irati
1051 2028 1390 2086 scribimus?

606 2143 793 2206 Ecquis
818 2142 911 2191 hoc
933 2142 1284 2191 animadvertit
1300 2144 1325 2191 ἲ
1352 2142 1560 2191 vincite!

247 2266 386 2304 num
417 2253 516 2304 aut
545 2247 728 2339 egisse
762 2266 1036 2339 umquam
1071 2247 1282 2303 iratum
1306 2246 1603 2323 Aesopum
1636 2254 1736 2303 aut
1764 2246 1939 2322 scrip-

247 2328 384 2384 sisse
430 2327 824 2385 existimamus
874 2328 1085 2384 iratum
1142 2326 1421 2383 Accium?
1501 2326 1777 2402 Aguntur
1824 2326 1940 2383 ista

247 2406 530 2485 praeclare
563 2414 622 2465 et
655 2407 727 2464 ab
771 2415 994 2465 oratore
1031 2408 1265 2484 quidem
1298 2406 1521 2478 meliuS,
1554 2407 1603 2463 si
1635 2407 1813 2463 modo
1850 2413 1939 2463 est

249 2495 457 2558 orator,
484 2507 655 2565 quam
685 2487 756 2544 ab
785 2487 902 2544 ullo
931 2487 1227 2558 histrione,
1254 2487 1354 2544 sed
1382 2494 1632 2564 aguntur
1653 2484 1857 2544 leniter
1878 2493 1939 2544 ct

247 2574 440 2625 mente
469 2567 790 2644 tranquilla.
877 2567 1203 2625 Libidinem
1235 2587 1368 2625 vero
1397 2566 1627 2624 laudare
1657 2566 1819 2623 cuius
1848 2573 1939 2623 est

248 2647 542 2704 libidinis?
603 2646 1050 2705 Themistoclem
1074 2648 1220 2704 mihi
1250 2654 1308 2705 et
1330 2646 1782 2705 Demosthenem
1808 2666 1939 2723 pro-

247 2728 430 2796 fertiS,
464 2727 677 2784 additis
710 2727 1124 2805 Pythagoram,
1156 2727 1575 2798 Democritum,
1607 2726 1934 2784 Platonem.

248 2806 440 2875 Quid2
482 2826 584 2863 vos
627 2788 816 2864 studia
857 2807 1158 2865 libidinem
1188 2807 1441 2865 vocatis?
1488 2826 1631 2885 quae
1665 2806 1755 2863 vel
1790 2807 1939 2885 opti-

248 2904 472 2942 marum
506 2906 712 2957 rerum,
746 2895 810 2943 ut
844 2906 910 2944 ca
948 2895 1097 2957 sunt,
1125 2906 1268 2964 quae
1303 2887 1591 2964 profertis,
1623 2886 1821 2943 sedata
1855 2894 1941 2943 ta-

249 2984 381 3021 men
427 2972 484 3023 et
517 2966 824 3043 tranquilla
866 2986 986 3024 esse
1028 2966 1255 3024 debent.
1344 2966 1466 3023 Iam
1512 2966 1938 3043 aegritudinem

250 3044 478 3101 laudare
507 3064 680 3101 unam
712 3065 830 3102 rem
860 3046 1108 3103 maxime
1145 3046 1541 3104 detestabilem
1574 3066 1816 3125 quorum
1848 3053 1939 3103 est

250 3123 481 3181 taudem
499 3123 1007 3201 philosophorum?
1046 3126 1133 3183 At
1150 3126 1451 3184 commode
1466 3126 1612 3184 dixit
1628 3127 1935 3185 Afranius:

482 3245 616 3293 Dum
644 3245 790 3293 modo
815 3246 980 3295 dolcat
1002 3246 1209 3308 aliquid,
1235 3246 1359 3295 dole:
1352 3256 1399 3297 ιῐ
1425 3248 1698 3308 quidlubet.
