2235 3581
289 173 380 220 154
509 171 1100 222 TUSCULANARUM
1148 171 1310 220 DISP
1319 171 1635 221 UTATION
1642 171 1748 220 UM

283 273 426 332 nulli
453 280 642 331 metus
669 279 899 345 terrent,
924 273 1113 330 nullae
1144 273 1531 349 aegritudines
1560 273 1826 345 exedunt,
1852 273 1980 331 nul-

283 354 370 412 lae
399 354 667 411 libidines
695 355 955 424 incitant,
981 353 1170 411 nullae
1199 353 1397 411 futiles
1419 353 1669 411 laetitiae
1692 353 1981 412 exsultan-

283 443 370 493 tes
411 434 698 511 languidis
749 435 1127 511 liquefaciunt
1170 434 1577 511 voluptatibuS.
1656 433 1745 492 Ut
1799 435 1983 506 maris

282 510 460 593 igitur
487 515 870 592 tranquillitas
904 515 1259 592 intellegitur
1290 515 1449 572 nulla
1479 535 1551 572 ne
1580 515 1825 572 minima
1853 517 1980 592 qui-

283 597 414 653 dem
451 615 586 653 aura
619 594 826 653 fluctus
869 603 1289 668 commovente,
1322 596 1403 652 sic
1437 596 1617 652 animi
1652 597 1881 673 quietus
1914 604 1979 654 et

282 677 538 753 placatus
581 683 764 733 status
806 677 1071 745 cernitur,
1109 696 1242 733 cum
1284 676 1642 752 per-turbatio
1684 677 1841 733 nulla
1884 684 1975 734 est

223 754 255 805 -’
284 777 396 834 qua
416 757 635 814 moveri
659 763 844 833 queat.
914 757 1002 814 17.
1037 756 1209 824 Quod
1232 757 1278 813 si
1302 763 1404 829 est,
1428 757 1524 834 qui
1543 757 1662 813 vim
1684 757 1971 825 fortunae,

283 838 382 915 qui
429 838 622 894 omnia
662 837 930 908 humana,
973 856 1364 914 quaecumque
1412 837 1667 895 accidere
1708 845 1971 914 possunt,

281 917 602 975 tolerabilia
635 918 824 988 ducat,
857 937 925 974 ex
962 937 1076 994 quo
1120 937 1225 975 uec
1266 919 1445 975 timor
1485 938 1615 975 eum
1652 937 1755 976 nec
1790 937 1975 994 angor

282 999 546 1074 attingat,
573 998 842 1074 idemque
871 999 917 1054 si
946 998 1092 1055 nihil
1115 999 1499 1075 concupiscat,
1524 998 1681 1056 nulla
1702 999 1976 1056 efferat-ur

282 1078 460 1136 animi
489 1078 646 1135 inani
672 1079 982 1156 voluptate,
1005 1079 1145 1156 quid
1175 1085 1262 1137 est
1290 1098 1391 1137 cur
1416 1080 1465 1136 is
1492 1098 1608 1135 non
1641 1079 1840 1136 beatus
1862 1079 1973 1136 sit?

283 1165 342 1216 et
371 1159 417 1214 si
446 1157 586 1216 haec
617 1159 827 1216 virtute
856 1159 1196 1231 efficiuntur,
1219 1159 1361 1237 quid
1394 1166 1480 1217 cst
1508 1179 1608 1217 cur
1635 1160 1816 1216 virtus
1843 1159 1973 1236 ipsa

281 1259 384 1317 per
412 1259 471 1296 se
499 1259 618 1297 non
648 1240 856 1297 efficiat
884 1239 1122 1297 beatos?

363 1319 500 1378 VII.
537 1321 610 1378 A.
648 1319 833 1398 Atqui
861 1320 1101 1377 alterum
1129 1321 1246 1377 dici
1267 1330 1381 1378 non
1406 1327 1598 1397 potest
1621 1320 1759 1397 quin
1784 1319 1842 1390 ii,
1870 1319 1971 1396 qui

282 1400 428 1457 nihil
482 1409 760 1471 metuant,
803 1400 944 1457 nihil
998 1409 1299 1477 angantur,
1343 1400 1488 1458 nihil
1543 1399 1970 1476 concupiscant,

283 1481 440 1538 nulla
474 1482 782 1558 impotenti
815 1481 1034 1540 laetitia
1063 1482 1388 1551 efferantur,
1419 1479 1572 1538 beati
1606 1481 1739 1551 sint,
1776 1481 1974 1557 ita-‘que

284 1562 347 1618 id
387 1563 495 1619 tibi
539 1563 810 1632 concedo,
841 1562 1080 1619 alterum
1127 1569 1319 1618 autem
1362 1561 1477 1618 iam
1520 1561 1809 1636 integrum
1850 1579 1972 1617 non

285 1649 386 1700 est.
474 1642 876 1719 Superioribus
898 1643 1052 1699 enim
1075 1641 1567 1719 disputationibus
1588 1642 1860 1698 effectum
1884 1649 1973 1698 est

284 1742 481 1780 vacare
511 1723 671 1779 omni
700 1723 877 1779 animi
907 1722 1340 1801 perturbat-ione
1369 1722 1700 1799 sapientem.

371 1810 460 1860 18.
508 1802 584 1860 Μ.
624 1803 913 1861 Nimirum
945 1804 1126 1880 igitur
1154 1804 1419 1861 confecta
1446 1823 1533 1860 res
1562 1810 1662 1861 est.
1720 1802 1974 1861 Videtur

286 1884 441 1940 enim
471 1882 546 1939 ad
573 1884 791 1940 exitum
820 1884 1042 1941 venisse
1071 1884 1346 1961 quaestio,

366 1964 438 2021 A.
477 1963 910 2041 Propemodum
941 1964 1001 2021 id
1025 1964 1279 2041 quidem.

367 2044 444 2101 M.
482 2044 700 2101 Verum
736 2052 930 2101 tamen
965 2044 1507 2102 mathematicorum
1545 2044 1655 2101 istc
1694 2062 1823 2100 mos
1865 2048 1971 2113 est,

285 2144 403 2182 non
439 2131 526 2181 est
566 2124 1060 2202 philosophorum.
1148 2124 1300 2181 Nam
1342 2131 1669 2201 geometrae
1710 2143 1841 2180 cum
1877 2123 1974 2181 ali-

288 2206 429 2283 quid
457 2205 662 2263 docere
692 2206 908 2276 volunt,
935 2206 981 2261 si
1013 2205 1154 2281 quid
1188 2205 1263 2261 ad
1296 2224 1421 2262 eam
1455 2224 1573 2262 rem
1604 2204 1855 2281 pertinet
1884 2223 1976 2261 eo-

287 2306 432 2357 rum,
459 2306 603 2364 quae
632 2293 764 2344 ante
788 2286 1124 2355 docuerunt,
1145 2285 1207 2341 id
1230 2291 1467 2342 sumunt
1488 2304 1593 2361 pro
1623 2302 1895 2341 concesso
1917 2290 1978 2341 et

287 2367 550 2443 probatO,
591 2366 736 2423 illud
783 2366 962 2423 modo
1008 2365 1314 2441 explicant,
1356 2365 1427 2422 de
1474 2384 1589 2442 quo
1646 2371 1779 2421 ante
1827 2364 1975 2421 nihil

289 2447 566 2524 scriptum
595 2453 697 2504 est.
783 2445 1145 2523 Philosophi,
1168 2464 1590 2523 quamcumque
1616 2464 1735 2501 rem
1760 2443 1977 2501 habent

288 2527 346 2583 in
378 2526 661 2597 manibuS,
686 2527 746 2582 in
781 2545 904 2583 eam
937 2545 1081 2603 quae
1115 2525 1482 2597 conveniunt,
1508 2531 1829 2601 congerunt
1856 2544 1979 2581 om-

289 2607 400 2677 nia,
426 2606 534 2663 etsi
563 2606 674 2663 alio
703 2606 828 2663 loco
859 2606 1153 2683 disputata
1186 2612 1333 2663 sunt.
1405 2604 1667 2673 Quod'ni
1698 2605 1780 2661 ita
1808 2611 1973 2673 esset,

288 2706 390 2742 cur
423 2686 667 2757 StoicUS,
701 2686 747 2743 si
783 2693 930 2743 esset
965 2686 1287 2762 quaesitum
1330 2686 1541 2743 satisne
1583 2686 1657 2742 ad
1698 2684 1863 2741 beate
1898 2685 1978 2741 vi-

288 2766 537 2823 vendum
567 2767 748 2824 virtus
781 2773 993 2843 posset,
1017 2766 1204 2823 multa
1235 2766 1487 2823 diceret?
1528 2766 1621 2822 cui
1656 2765 1795 2821 satis
1828 2771 1978 2823 esset

288 2846 630 2923 respondere
673 2866 732 2903 se
773 2853 906 2903 ante
949 2846 1212 2903 docuisse
1252 2846 1396 2903 nihil
1439 2846 1656 2903 bonum
1700 2864 1822 2902 esse
1864 2845 1979 2902 nisi

291 2925 447 3002 quod
480 2925 786 2983 honestum
822 2932 985 2996 esset,
1017 2925 1129 2983 hoc
1171 2925 1415 3003 probato
1458 2944 1813 3002 consequens
1855 2944 1977 2982 esse

288 3005 514 3062 beatam
553 3006 729 3062 vitam
766 3006 976 3062 virtute
1011 3024 1133 3061 esse
1166 3012 1513 3075 contentam,
1546 3012 1605 3062 et
1638 3023 1755 3081 quo
1798 3004 1977 3062 modo

287 3083 400 3142 hoc
449 3086 524 3141 sit
571 3103 926 3161 consequens
967 3084 1068 3154 illi,
1107 3085 1188 3140 sic
1233 3084 1375 3144 illud
1416 3084 1567 3156 huic,
1601 3092 1682 3155 ut,
1719 3085 1768 3142 si
1809 3084 1979 3141 beata

288 3165 408 3221 vita
440 3165 652 3221 virtute
686 3170 960 3221 contenta
993 3165 1083 3233 sit,
1108 3165 1221 3221 nisi
1255 3164 1563 3224 honestum
1594 3164 1753 3241 quod
1785 3165 1862 3221 sit
1895 3165 1980 3221 ni-

289 3242 370 3299 hil
405 3244 560 3301 aliud
595 3244 670 3300 sit
699 3243 931 3299 bonum.
1010 3247 1098 3299 19.
1146 3242 1260 3303 Sed
1290 3251 1479 3302 tamen
1512 3264 1630 3301 non
1666 3250 1848 3318 agunt
1876 3245 1974 3301 sie.
