<?xml version="1.0" encoding="UTF-8"?>
<!DOCTYPE html PUBLIC "-//W3C//DTD XHTML 1.0 Transitional//EN"
    "http://www.w3.org/TR/xhtml1/DTD/xhtml1-transitional.dtd">
<html xmlns="http://www.w3.org/1999/xhtml" xml:lang="en" lang="en">
 <head>
  <title>
</title>
<meta http-equiv="Content-Type" content="text/html;charset=utf-8" />
  <meta name='ocr-system' content='tesseract 3.04.00' />
  <meta name='ocr-capabilities' content='ocr_page ocr_carea ocr_par ocr_line ocrx_word'/>
</head>
<body>
  <div class='ocr_page' id='page_1' title='image "./tusculanarumdis06cicegoog_0092.png"; bbox 0 0 2235 3581; ppageno 0'>
   <div class='ocr_carea' id='block_1_1' title="bbox 246 165 1707 219">
    <p class='ocr_par' dir='ltr' id='par_1_1' title="bbox 246 165 1707 219">
     <span class='ocr_line' id='line_1_1' title="bbox 246 165 1707 219; baseline 0.001 -5"><span class='ocrx_word' id='word_1_1' title='bbox 246 167 308 214; x_wconf 82' lang='lat'>82</span> <span class='ocrx_word' id='word_1_2' title='bbox 467 165 1060 219; x_wconf 79' lang='lat' dir='ltr'>TUSCULANARUM</span> <span class='ocrx_word' id='word_1_3' title='bbox 1103 166 1707 218; x_wconf 82' lang='lat' dir='ltr'>DISPUTATIONUM</span> 
     </span>
    </p>
   </div>
   <div class='ocr_carea' id='block_1_2' title="bbox 231 267 1935 3313">
    <p class='ocr_par' dir='ltr' id='par_1_2' title="bbox 245 267 1935 426">
     <span class='ocr_line' id='line_1_2' title="bbox 245 267 1935 344; baseline 0.002 -19"><span class='ocrx_word' id='word_1_4' title='bbox 245 267 702 344; x_wconf 77' lang='lat' dir='ltr'><strong>perturbationes</strong></span> <span class='ocrx_word' id='word_1_5' title='bbox 747 268 1074 340; x_wconf 83' lang='lat' dir='ltr'>dixerimus,</span> <span class='ocrx_word' id='word_1_6' title='bbox 1109 268 1347 326; x_wconf 83' lang='lat' dir='ltr'>morbos</span> <span class='ocrx_word' id='word_1_7' title='bbox 1394 274 1589 327; x_wconf 86' lang='lat' dir='ltr'>autem</span> <span class='ocrx_word' id='word_1_8' title='bbox 1628 288 1747 326; x_wconf 90' lang='lat' dir='ltr'>non</span> <span class='ocrx_word' id='word_1_9' title='bbox 1794 269 1935 328; x_wconf 89' lang='lat' dir='ltr'>satis</span> 
     </span>
     <span class='ocr_line' id='line_1_3' title="bbox 245 348 1365 426; baseline 0.002 -22"><span class='ocrx_word' id='word_1_10' title='bbox 245 348 470 418; x_wconf 89' lang='lat' dir='ltr'>usitate,</span> <span class='ocrx_word' id='word_1_11' title='bbox 496 349 608 405; x_wconf 88' lang='lat' dir='ltr'>nisi</span> <span class='ocrx_word' id='word_1_12' title='bbox 637 348 776 426; x_wconf 88' lang='lat' dir='ltr'>quid</span> <span class='ocrx_word' id='word_1_13' title='bbox 805 349 960 406; x_wconf 90' lang='lat' dir='ltr'>aliud</span> <span class='ocrx_word' id='word_1_14' title='bbox 990 348 1099 406; x_wconf 91' lang='lat' dir='ltr'>tibi</span> <span class='ocrx_word' id='word_1_15' title='bbox 1121 348 1365 407; x_wconf 86' lang='lat' dir='ltr'>videtur.</span> 
     </span>
    </p>

    <p class='ocr_par' dir='ltr' id='par_1_3' title="bbox 329 428 1205 487">
     <span class='ocr_line' id='line_1_4' title="bbox 329 428 1205 487; baseline 0.002 -3"><span class='ocrx_word' id='word_1_16' title='bbox 329 435 379 487; x_wconf 88' lang='lat'>8.</span> <span class='ocrx_word' id='word_1_17' title='bbox 425 429 497 486; x_wconf 94' lang='lat' dir='ltr'>A.</span> <span class='ocrx_word' id='word_1_18' title='bbox 537 429 684 486; x_wconf 85' lang='lat' dir='ltr'>Mihi</span> <span class='ocrx_word' id='word_1_19' title='bbox 706 449 838 486; x_wconf 91' lang='lat' dir='ltr'>vero</span> <span class='ocrx_word' id='word_1_20' title='bbox 869 429 982 486; x_wconf 89' lang='lat' dir='ltr'>isto</span> <span class='ocrx_word' id='word_1_21' title='bbox 1009 428 1205 486; x_wconf 91' lang='lat' dir='ltr'>mod0.</span> 
     </span>
    </p>

    <p class='ocr_par' dir='ltr' id='par_1_4' title="bbox 325 507 1803 587">
     <span class='ocr_line' id='line_1_5' title="bbox 325 507 1803 587; baseline 0.001 -23"><span class='ocrx_word' id='word_1_22' title='bbox 325 507 403 566; x_wconf 90' lang='lat' dir='ltr'>M.</span> <span class='ocrx_word' id='word_1_23' title='bbox 439 508 696 566; x_wconf 75' lang='lat' dir='ltr'>Haecine</span> <span class='ocrx_word' id='word_1_24' title='bbox 725 509 903 585; x_wconf 85' lang='lat' dir='ltr'>igitur</span> <span class='ocrx_word' id='word_1_25' title='bbox 929 508 1130 567; x_wconf 89' lang='lat' dir='ltr'>cadere</span> <span class='ocrx_word' id='word_1_26' title='bbox 1158 509 1219 566; x_wconf 96' lang='lat' dir='ltr'>in</span> <span class='ocrx_word' id='word_1_27' title='bbox 1248 509 1566 587; x_wconf 78' lang='lat' dir='ltr'>sapientem</span> <span class='ocrx_word' id='word_1_28' title='bbox 1595 509 1803 586; x_wconf 64' lang='lat' dir='ltr'>putas?</span> 
     </span>
    </p>

    <p class='ocr_par' dir='ltr' id='par_1_5' title="bbox 237 587 988 647">
     <span class='ocr_line' id='line_1_6' title="bbox 237 587 988 647; baseline 0.004 -3"><span class='ocrx_word' id='word_1_29' title='bbox 237 623 242 627; x_wconf 91' lang='lat'><em>-</em></span> <span class='ocrx_word' id='word_1_30' title='bbox 325 589 398 645; x_wconf 88' lang='lat' dir='ltr'>A.</span> <span class='ocrx_word' id='word_1_31' title='bbox 435 587 678 647; x_wconf 87' lang='lat' dir='ltr'>Prorsus</span> <span class='ocrx_word' id='word_1_32' title='bbox 706 589 988 647; x_wconf 85' lang='lat' dir='ltr'>existimO.</span> 
     </span>
    </p>

    <p class='ocr_par' dir='ltr' id='par_1_6' title="bbox 244 667 1935 826">
     <span class='ocr_line' id='line_1_7' title="bbox 325 667 1935 746; baseline 0.001 -21"><span class='ocrx_word' id='word_1_33' title='bbox 325 667 402 726; x_wconf 91' lang='lat' dir='ltr'>M.</span> <span class='ocrx_word' id='word_1_34' title='bbox 441 667 494 725; x_wconf 92' lang='lat' dir='ltr'>N</span> <span class='ocrx_word' id='word_1_35' title='bbox 499 687 530 726; x_wconf 91' lang='lat' dir='ltr'>e</span> <span class='ocrx_word' id='word_1_36' title='bbox 575 669 686 726; x_wconf 88' lang='lat' dir='ltr'>ista</span> <span class='ocrx_word' id='word_1_37' title='bbox 727 669 978 745; x_wconf 89' lang='lat' dir='ltr'>gloriosa</span> <span class='ocrx_word' id='word_1_38' title='bbox 1021 669 1303 746; x_wconf 78' lang='lat' dir='ltr'>sapientia</span> <span class='ocrx_word' id='word_1_39' title='bbox 1346 688 1464 727; x_wconf 89' lang='lat' dir='ltr'>non</span> <span class='ocrx_word' id='word_1_40' title='bbox 1508 688 1722 746; x_wconf 89' lang='lat' dir='ltr'>magno</span> <span class='ocrx_word' id='word_1_41' title='bbox 1767 670 1935 728; x_wconf 87' lang='lat' dir='ltr'>aesti-</span> 
     </span>
     <span class='ocr_line' id='line_1_8' title="bbox 244 748 1928 826; baseline 0.002 -21"><span class='ocrx_word' id='word_1_42' title='bbox 244 749 457 806; x_wconf 86' lang='lat' dir='ltr'>manda</span> <span class='ocrx_word' id='word_1_43' title='bbox 483 756 586 818; x_wconf 90' lang='lat' dir='ltr'>est,</span> <span class='ocrx_word' id='word_1_44' title='bbox 611 749 660 806; x_wconf 93' lang='lat' dir='ltr'>si</span> <span class='ocrx_word' id='word_1_45' title='bbox 682 748 916 826; x_wconf 85' lang='lat' dir='ltr'>quidem</span> <span class='ocrx_word' id='word_1_46' title='bbox 943 768 1062 806; x_wconf 90' lang='lat' dir='ltr'>non</span> <span class='ocrx_word' id='word_1_47' title='bbox 1089 749 1341 806; x_wconf 90' lang='lat' dir='ltr'>multum</span> <span class='ocrx_word' id='word_1_48' title='bbox 1364 748 1561 807; x_wconf 83' lang='lat' dir='ltr'>differt</span> <span class='ocrx_word' id='word_1_49' title='bbox 1588 749 1661 806; x_wconf 85' lang='lat' dir='ltr'>ab</span> <span class='ocrx_word' id='word_1_50' title='bbox 1689 749 1928 808; x_wconf 72' lang='lat' dir='ltr'>insania.</span> 
     </span>
    </p>

    <p class='ocr_par' dir='ltr' id='par_1_7' title="bbox 324 828 1933 897">
     <span class='ocr_line' id='line_1_9' title="bbox 324 828 1933 897; baseline 0.001 -11"><span class='ocrx_word' id='word_1_51' title='bbox 324 829 396 886; x_wconf 90' lang='lat' dir='ltr'>A.</span> <span class='ocrx_word' id='word_1_52' title='bbox 435 828 622 897; x_wconf 58' lang='lat' dir='ltr'>Quid?</span> <span class='ocrx_word' id='word_1_53' title='bbox 671 828 780 887; x_wconf 91' lang='lat' dir='ltr'>tibi</span> <span class='ocrx_word' id='word_1_54' title='bbox 825 830 1088 887; x_wconf 89' lang='lat' dir='ltr'>omnisne</span> <span class='ocrx_word' id='word_1_55' title='bbox 1132 829 1312 887; x_wconf 89' lang='lat' dir='ltr'>animi</span> <span class='ocrx_word' id='word_1_56' title='bbox 1350 829 1668 887; x_wconf 80' lang='lat' dir='ltr'>commotio</span> <span class='ocrx_word' id='word_1_57' title='bbox 1704 829 1933 887; x_wconf 88' lang='lat' dir='ltr'>videtur</span> 
     </span>
    </p>

    <p class='ocr_par' dir='ltr' id='par_1_8' title="bbox 231 909 1934 1368">
     <span class='ocr_line' id='line_1_10' title="bbox 244 909 496 967; baseline 0.004 -1"><span class='ocrx_word' id='word_1_58' title='bbox 244 909 496 967; x_wconf 65' lang='lat' dir='ltr'>insania?</span> 
     </span>
     <span class='ocr_line' id='line_1_11' title="bbox 231 988 1933 1066; baseline 0 -20"><span class='ocrx_word' id='word_1_59' title='bbox 231 1004 237 1012; x_wconf 96' lang='grc'><em>·</em></span> <span class='ocrx_word' id='word_1_60' title='bbox 325 988 402 1046; x_wconf 91' lang='grc' dir='ltr'>Μ.</span> <span class='ocrx_word' id='word_1_61' title='bbox 441 989 577 1046; x_wconf 90' lang='lat' dir='ltr'>Non</span> <span class='ocrx_word' id='word_1_62' title='bbox 609 989 755 1046; x_wconf 89' lang='lat' dir='ltr'>mihi</span> <span class='ocrx_word' id='word_1_63' title='bbox 789 989 1023 1066; x_wconf 87' lang='lat' dir='ltr'>quidem</span> <span class='ocrx_word' id='word_1_64' title='bbox 1062 989 1187 1061; x_wconf 91' lang='lat' dir='ltr'>soli,</span> <span class='ocrx_word' id='word_1_65' title='bbox 1219 989 1337 1060; x_wconf 90' lang='lat' dir='ltr'>sed,</span> <span class='ocrx_word' id='word_1_66' title='bbox 1372 989 1436 1046; x_wconf 89' lang='lat' dir='ltr'>id</span> <span class='ocrx_word' id='word_1_67' title='bbox 1470 989 1629 1066; x_wconf 85' lang='lat' dir='ltr'>quod</span> <span class='ocrx_word' id='word_1_68' title='bbox 1660 989 1933 1046; x_wconf 86' lang='lat' dir='ltr'>admirari</span> 
     </span>
     <span class='ocr_line' id='line_1_12' title="bbox 245 1067 1931 1147; baseline 0 -21"><span class='ocrx_word' id='word_1_69' title='bbox 245 1087 412 1147; x_wconf 86' lang='lat' dir='ltr'>saepe</span> <span class='ocrx_word' id='word_1_70' title='bbox 441 1067 615 1140; x_wconf 91' lang='lat' dir='ltr'>sole0‚</span> <span class='ocrx_word' id='word_1_71' title='bbox 637 1069 952 1127; x_wconf 89' lang='lat' dir='ltr'>maioribus</span> <span class='ocrx_word' id='word_1_72' title='bbox 979 1088 1211 1147; x_wconf 86' lang='lat' dir='ltr'>quoque</span> <span class='ocrx_word' id='word_1_73' title='bbox 1244 1069 1456 1127; x_wconf 89' lang='lat' dir='ltr'>nostris</span> <span class='ocrx_word' id='word_1_74' title='bbox 1489 1069 1601 1127; x_wconf 88' lang='lat' dir='ltr'>hoc</span> <span class='ocrx_word' id='word_1_75' title='bbox 1634 1069 1717 1126; x_wconf 87' lang='lat' dir='ltr'>ita</span> <span class='ocrx_word' id='word_1_76' title='bbox 1745 1070 1931 1126; x_wconf 86' lang='lat' dir='ltr'>visum</span> 
     </span>
     <span class='ocr_line' id='line_1_13' title="bbox 245 1148 1932 1226; baseline 0 -20"><span class='ocrx_word' id='word_1_77' title='bbox 245 1149 518 1226; x_wconf 77' lang='lat' dir='ltr'>intellego</span> <span class='ocrx_word' id='word_1_78' title='bbox 551 1149 752 1207; x_wconf 91' lang='lat' dir='ltr'>multis</span> <span class='ocrx_word' id='word_1_79' title='bbox 793 1149 1032 1207; x_wconf 87' lang='lat' dir='ltr'>saeculis</span> <span class='ocrx_word' id='word_1_80' title='bbox 1071 1156 1207 1208; x_wconf 88' lang='lat' dir='ltr'>ante</span> <span class='ocrx_word' id='word_1_81' title='bbox 1250 1148 1541 1220; x_wconf 82' lang='lat' dir='ltr'>Socraten,</span> <span class='ocrx_word' id='word_1_82' title='bbox 1572 1169 1607 1206; x_wconf 90' lang='lat' dir='ltr'>a</span> <span class='ocrx_word' id='word_1_83' title='bbox 1640 1168 1755 1226; x_wconf 92' lang='lat' dir='ltr'>quo</span> <span class='ocrx_word' id='word_1_84' title='bbox 1790 1149 1932 1207; x_wconf 88' lang='lat' dir='ltr'>haec</span> 
     </span>
     <span class='ocr_line' id='line_1_14' title="bbox 246 1229 1934 1307; baseline 0 -21"><span class='ocrx_word' id='word_1_85' title='bbox 246 1230 434 1287; x_wconf 91' lang='lat' dir='ltr'>omnis</span> <span class='ocrx_word' id='word_1_86' title='bbox 476 1249 620 1307; x_wconf 90' lang='lat' dir='ltr'>quae</span> <span class='ocrx_word' id='word_1_87' title='bbox 663 1237 750 1288; x_wconf 89' lang='lat' dir='ltr'>est</span> <span class='ocrx_word' id='word_1_88' title='bbox 790 1230 862 1288; x_wconf 91' lang='lat' dir='ltr'>de</span> <span class='ocrx_word' id='word_1_89' title='bbox 896 1230 1014 1288; x_wconf 87' lang='lat' dir='ltr'>vita</span> <span class='ocrx_word' id='word_1_90' title='bbox 1054 1237 1112 1287; x_wconf 90' lang='lat' dir='ltr'>et</span> <span class='ocrx_word' id='word_1_91' title='bbox 1154 1229 1227 1287; x_wconf 93' lang='lat' dir='ltr'>de</span> <span class='ocrx_word' id='word_1_92' title='bbox 1269 1229 1527 1288; x_wconf 87' lang='lat' dir='ltr'>moribus</span> <span class='ocrx_word' id='word_1_93' title='bbox 1559 1229 1934 1307; x_wconf 84' lang='lat' dir='ltr'>philosophia</span> 
     </span>
     <span class='ocr_line' id='line_1_15' title="bbox 243 1310 513 1368; baseline 0.007 -2"><span class='ocrx_word' id='word_1_94' title='bbox 243 1310 513 1368; x_wconf 86' lang='lat' dir='ltr'>manavit.</span> 
     </span>
    </p>

    <p class='ocr_par' dir='ltr' id='par_1_9' title="bbox 325 1390 1212 1459">
     <span class='ocr_line' id='line_1_16' title="bbox 325 1390 1212 1459; baseline 0.001 -12"><span class='ocrx_word' id='word_1_95' title='bbox 325 1391 398 1448; x_wconf 91' lang='lat' dir='ltr'>A.</span> <span class='ocrx_word' id='word_1_96' title='bbox 438 1390 703 1459; x_wconf 82' lang='lat' dir='ltr'>Quonam</span> <span class='ocrx_word' id='word_1_97' title='bbox 732 1391 968 1448; x_wconf 89' lang='lat' dir='ltr'>tandem</span> <span class='ocrx_word' id='word_1_98' title='bbox 995 1390 1212 1448; x_wconf 65' lang='lat' dir='ltr'>modo?</span> 
     </span>
    </p>

    <p class='ocr_par' dir='ltr' id='par_1_10' title="bbox 244 1469 1934 2431">
     <span class='ocr_line' id='line_1_17' title="bbox 327 1469 1934 1547; baseline 0 -19"><span class='ocrx_word' id='word_1_99' title='bbox 327 1471 402 1529; x_wconf 91' lang='lat' dir='ltr'>M.</span> <span class='ocrx_word' id='word_1_100' title='bbox 441 1470 591 1540; x_wconf 81' lang='lat' dir='ltr'>Quia</span> <span class='ocrx_word' id='word_1_101' title='bbox 623 1489 834 1527; x_wconf 89' lang='lat' dir='ltr'>nomen</span> <span class='ocrx_word' id='word_1_102' title='bbox 877 1471 1131 1528; x_wconf 90' lang='lat' dir='ltr'>insaniae</span> <span class='ocrx_word' id='word_1_103' title='bbox 1172 1469 1459 1547; x_wconf 86' lang='lat' dir='ltr'>significat</span> <span class='ocrx_word' id='word_1_104' title='bbox 1492 1469 1703 1528; x_wconf 88' lang='lat' dir='ltr'>mentis</span> <span class='ocrx_word' id='word_1_105' title='bbox 1738 1488 1934 1546; x_wconf 85' lang='lat' dir='ltr'>aegro-</span> 
     </span>
     <span class='ocr_line' id='line_1_18' title="bbox 245 1550 1934 1626; baseline 0 -18"><span class='ocrx_word' id='word_1_106' title='bbox 245 1551 522 1609; x_wconf 85' lang='lat' dir='ltr'>tationem</span> <span class='ocrx_word' id='word_1_107' title='bbox 567 1559 626 1608; x_wconf 90' lang='lat' dir='ltr'>et</span> <span class='ocrx_word' id='word_1_108' title='bbox 666 1550 951 1622; x_wconf 85' lang='lat' dir='ltr'>morbum,</span> <span class='ocrx_word' id='word_1_109' title='bbox 995 1551 1059 1609; x_wconf 92' lang='lat' dir='ltr'>id</span> <span class='ocrx_word' id='word_1_110' title='bbox 1099 1558 1205 1621; x_wconf 87' lang='lat' dir='ltr'>est,</span> <span class='ocrx_word' id='word_1_111' title='bbox 1240 1551 1607 1608; x_wconf 84' lang='lat' dir='ltr'>insanitatem</span> <span class='ocrx_word' id='word_1_112' title='bbox 1646 1556 1705 1607; x_wconf 90' lang='lat' dir='ltr'>et</span> <span class='ocrx_word' id='word_1_113' title='bbox 1736 1568 1934 1626; x_wconf 83' lang='lat' dir='ltr'>aegro-</span> 
     </span>
     <span class='ocr_line' id='line_1_19' title="bbox 244 1629 1933 1709; baseline -0.001 -21"><span class='ocrx_word' id='word_1_114' title='bbox 244 1639 371 1688; x_wconf 92' lang='lat' dir='ltr'>tum</span> <span class='ocrx_word' id='word_1_115' title='bbox 406 1631 680 1702; x_wconf 87' lang='lat' dir='ltr'>animum,</span> <span class='ocrx_word' id='word_1_116' title='bbox 718 1650 892 1707; x_wconf 88' lang='lat' dir='ltr'>quam</span> <span class='ocrx_word' id='word_1_117' title='bbox 929 1631 1293 1709; x_wconf 86' lang='lat' dir='ltr'>appellarunt</span> <span class='ocrx_word' id='word_1_118' title='bbox 1324 1631 1621 1688; x_wconf 89' lang='lat' dir='ltr'>insaniam.</span> <span class='ocrx_word' id='word_1_119' title='bbox 1710 1635 1761 1687; x_wconf 88' lang='lat'>9.</span> <span class='ocrx_word' id='word_1_120' title='bbox 1794 1629 1933 1688; x_wconf 91' lang='lat' dir='ltr'>Om-</span> 
     </span>
     <span class='ocr_line' id='line_1_20' title="bbox 245 1709 1931 1788; baseline -0.001 -20"><span class='ocrx_word' id='word_1_121' title='bbox 245 1730 347 1768; x_wconf 88' lang='lat' dir='ltr'>nes</span> <span class='ocrx_word' id='word_1_122' title='bbox 379 1718 573 1768; x_wconf 90' lang='lat' dir='ltr'>autem</span> <span class='ocrx_word' id='word_1_123' title='bbox 606 1711 1066 1788; x_wconf 86' lang='lat' dir='ltr'>perturbationes</span> <span class='ocrx_word' id='word_1_124' title='bbox 1107 1711 1286 1768; x_wconf 88' lang='lat' dir='ltr'>animi</span> <span class='ocrx_word' id='word_1_125' title='bbox 1327 1710 1562 1768; x_wconf 88' lang='lat' dir='ltr'>morbos</span> <span class='ocrx_word' id='word_1_126' title='bbox 1595 1709 1931 1786; x_wconf 84' lang='lat' dir='ltr'>philosophi</span> 
     </span>
     <span class='ocr_line' id='line_1_21' title="bbox 245 1789 1932 1870; baseline -0.001 -21"><span class='ocrx_word' id='word_1_127' title='bbox 245 1790 538 1869; x_wconf 86' lang='lat' dir='ltr'>appellant</span> <span class='ocrx_word' id='word_1_128' title='bbox 569 1799 896 1869; x_wconf 82' lang='lat' dir='ltr'>negantque</span> <span class='ocrx_word' id='word_1_129' title='bbox 929 1792 1171 1849; x_wconf 87' lang='lat' dir='ltr'>stultum</span> <span class='ocrx_word' id='word_1_130' title='bbox 1207 1810 1554 1870; x_wconf 85' lang='lat' dir='ltr'>quemquam</span> <span class='ocrx_word' id='word_1_131' title='bbox 1588 1790 1680 1848; x_wconf 84' lang='lat' dir='ltr'>his</span> <span class='ocrx_word' id='word_1_132' title='bbox 1710 1789 1932 1849; x_wconf 85' lang='lat' dir='ltr'>morbis</span> 
     </span>
     <span class='ocr_line' id='line_1_22' title="bbox 246 1871 1932 1943; baseline 0.001 -15"><span class='ocrx_word' id='word_1_133' title='bbox 246 1891 458 1930; x_wconf 85' lang='lat' dir='ltr'>vacare.</span> <span class='ocrx_word' id='word_1_134' title='bbox 530 1871 648 1940; x_wconf 80' lang='lat' dir='ltr'>Qui</span> <span class='ocrx_word' id='word_1_135' title='bbox 675 1878 868 1929; x_wconf 88' lang='lat' dir='ltr'>autem</span> <span class='ocrx_word' id='word_1_136' title='bbox 896 1872 957 1929; x_wconf 91' lang='lat' dir='ltr'>in</span> <span class='ocrx_word' id='word_1_137' title='bbox 985 1872 1191 1931; x_wconf 91' lang='lat' dir='ltr'>morbo</span> <span class='ocrx_word' id='word_1_138' title='bbox 1220 1879 1371 1943; x_wconf 88' lang='lat' dir='ltr'>sunt,</span> <span class='ocrx_word' id='word_1_139' title='bbox 1402 1872 1525 1929; x_wconf 89' lang='lat' dir='ltr'>sani</span> <span class='ocrx_word' id='word_1_140' title='bbox 1553 1890 1673 1928; x_wconf 92' lang='lat' dir='ltr'>non</span> <span class='ocrx_word' id='word_1_141' title='bbox 1701 1877 1851 1942; x_wconf 89' lang='lat' dir='ltr'>sunt,</span> <span class='ocrx_word' id='word_1_142' title='bbox 1872 1878 1932 1929; x_wconf 87' lang='lat' dir='ltr'>et</span> 
     </span>
     <span class='ocr_line' id='line_1_23' title="bbox 245 1952 1932 2029; baseline -0.001 -21"><span class='ocrx_word' id='word_1_143' title='bbox 245 1952 506 2009; x_wconf 91' lang='lat' dir='ltr'>omnium</span> <span class='ocrx_word' id='word_1_144' title='bbox 542 1952 940 2029; x_wconf 89' lang='lat' dir='ltr'>insipientium</span> <span class='ocrx_word' id='word_1_145' title='bbox 973 1953 1155 2010; x_wconf 87' lang='lat' dir='ltr'>animi</span> <span class='ocrx_word' id='word_1_146' title='bbox 1194 1952 1256 2009; x_wconf 91' lang='lat' dir='ltr'>in</span> <span class='ocrx_word' id='word_1_147' title='bbox 1296 1952 1502 2009; x_wconf 88' lang='lat' dir='ltr'>morbo</span> <span class='ocrx_word' id='word_1_148' title='bbox 1542 1959 1692 2024; x_wconf 90' lang='lat' dir='ltr'>sunt,</span> <span class='ocrx_word' id='word_1_149' title='bbox 1728 1970 1932 2008; x_wconf 90' lang='lat' dir='ltr'>omnes</span> 
     </span>
     <span class='ocr_line' id='line_1_24' title="bbox 245 2031 1933 2110; baseline 0 -22"><span class='ocrx_word' id='word_1_150' title='bbox 245 2032 580 2109; x_wconf 87' lang='lat' dir='ltr'>insipientes</span> <span class='ocrx_word' id='word_1_151' title='bbox 602 2032 781 2110; x_wconf 87' lang='lat' dir='ltr'>igitur</span> <span class='ocrx_word' id='word_1_152' title='bbox 799 2032 1109 2091; x_wconf 89' lang='lat' dir='ltr'>insaniunt.</span> <span class='ocrx_word' id='word_1_153' title='bbox 1182 2031 1501 2090; x_wconf 84' lang='lat' dir='ltr'>Sanitatem</span> <span class='ocrx_word' id='word_1_154' title='bbox 1530 2032 1685 2089; x_wconf 92' lang='lat' dir='ltr'>enim</span> <span class='ocrx_word' id='word_1_155' title='bbox 1714 2032 1933 2088; x_wconf 88' lang='lat' dir='ltr'>animo-</span> 
     </span>
     <span class='ocr_line' id='line_1_25' title="bbox 245 2112 1929 2191; baseline 0 -22"><span class='ocrx_word' id='word_1_156' title='bbox 245 2132 372 2169; x_wconf 91' lang='lat' dir='ltr'>rum</span> <span class='ocrx_word' id='word_1_157' title='bbox 402 2112 652 2189; x_wconf 78' lang='lat' dir='ltr'>positam</span> <span class='ocrx_word' id='word_1_158' title='bbox 681 2113 741 2169; x_wconf 92' lang='lat' dir='ltr'>in</span> <span class='ocrx_word' id='word_1_159' title='bbox 771 2112 1185 2191; x_wconf 85' lang='lat' dir='ltr'>tranquillitate</span> <span class='ocrx_word' id='word_1_160' title='bbox 1214 2112 1462 2190; x_wconf 80' lang='lat' dir='ltr'>quadam</span> <span class='ocrx_word' id='word_1_161' title='bbox 1490 2112 1929 2189; x_wconf 83' lang='lat' dir='ltr'>constantiaque</span> 
     </span>
     <span class='ocr_line' id='line_1_26' title="bbox 246 2191 1933 2269; baseline -0.001 -19"><span class='ocrx_word' id='word_1_162' title='bbox 246 2192 585 2251; x_wconf 89' lang='lat' dir='ltr'>censebant:</span> <span class='ocrx_word' id='word_1_163' title='bbox 630 2193 720 2251; x_wconf 89' lang='lat' dir='ltr'>his</span> <span class='ocrx_word' id='word_1_164' title='bbox 741 2193 910 2251; x_wconf 88' lang='lat' dir='ltr'>rebus</span> <span class='ocrx_word' id='word_1_165' title='bbox 930 2200 1185 2251; x_wconf 86' lang='lat' dir='ltr'>mentem</span> <span class='ocrx_word' id='word_1_166' title='bbox 1207 2212 1445 2251; x_wconf 89' lang='lat' dir='ltr'>vacuam</span> <span class='ocrx_word' id='word_1_167' title='bbox 1467 2191 1828 2269; x_wconf 86' lang='lat' dir='ltr'>appellarunt</span> <span class='ocrx_word' id='word_1_168' title='bbox 1848 2192 1933 2249; x_wconf 89' lang='lat' dir='ltr'>in-</span> 
     </span>
     <span class='ocr_line' id='line_1_27' title="bbox 245 2272 1929 2351; baseline -0.001 -20"><span class='ocrx_word' id='word_1_169' title='bbox 245 2274 480 2345; x_wconf 87' lang='lat' dir='ltr'>saniam,</span> <span class='ocrx_word' id='word_1_170' title='bbox 505 2281 810 2351; x_wconf 87' lang='lat' dir='ltr'>propterea</span> <span class='ocrx_word' id='word_1_171' title='bbox 831 2273 989 2351; x_wconf 91' lang='lat' dir='ltr'>quod</span> <span class='ocrx_word' id='word_1_172' title='bbox 1016 2274 1078 2331; x_wconf 91' lang='lat' dir='ltr'>in</span> <span class='ocrx_word' id='word_1_173' title='bbox 1105 2273 1440 2351; x_wconf 87' lang='lat' dir='ltr'>perturbato</span> <span class='ocrx_word' id='word_1_174' title='bbox 1467 2272 1663 2330; x_wconf 89' lang='lat' dir='ltr'>animo</span> <span class='ocrx_word' id='word_1_175' title='bbox 1692 2272 1842 2329; x_wconf 87' lang='lat' dir='ltr'>sieut</span> <span class='ocrx_word' id='word_1_176' title='bbox 1868 2272 1929 2329; x_wconf 89' lang='lat' dir='ltr'>in</span> 
     </span>
     <span class='ocr_line' id='line_1_28' title="bbox 247 2356 1261 2431; baseline 0 -20"><span class='ocrx_word' id='word_1_177' title='bbox 247 2373 484 2431; x_wconf 88' lang='lat' dir='ltr'>corpore</span> <span class='ocrx_word' id='word_1_178' title='bbox 513 2356 724 2412; x_wconf 83' lang='lat' dir='ltr'>sanitas</span> <span class='ocrx_word' id='word_1_179' title='bbox 753 2374 874 2412; x_wconf 89' lang='lat' dir='ltr'>esse</span> <span class='ocrx_word' id='word_1_180' title='bbox 901 2373 1020 2411; x_wconf 89' lang='lat' dir='ltr'>non</span> <span class='ocrx_word' id='word_1_181' title='bbox 1049 2360 1261 2431; x_wconf 87' lang='lat' dir='ltr'>posset.</span> 
     </span>
    </p>

    <p class='ocr_par' dir='ltr' id='par_1_11' title="bbox 245 2431 1934 3313">
     <span class='ocr_line' id='line_1_29' title="bbox 327 2431 1932 2511; baseline -0.002 -19"><span class='ocrx_word' id='word_1_182' title='bbox 327 2434 399 2492; x_wconf 93' lang='lat' dir='ltr'>V.</span> <span class='ocrx_word' id='word_1_183' title='bbox 473 2440 563 2492; x_wconf 92' lang='lat'>10.</span> <span class='ocrx_word' id='word_1_184' title='bbox 610 2434 668 2491; x_wconf 92' lang='lat' dir='ltr'>N</span> <span class='ocrx_word' id='word_1_185' title='bbox 669 2453 732 2491; x_wconf 89' lang='lat' dir='ltr'>ec</span> <span class='ocrx_word' id='word_1_186' title='bbox 753 2435 945 2492; x_wconf 89' lang='lat' dir='ltr'>minus</span> <span class='ocrx_word' id='word_1_187' title='bbox 973 2434 1116 2493; x_wconf 91' lang='lat' dir='ltr'>illud</span> <span class='ocrx_word' id='word_1_188' title='bbox 1145 2439 1326 2504; x_wconf 88' lang='lat' dir='ltr'>acute,</span> <span class='ocrx_word' id='word_1_189' title='bbox 1352 2432 1509 2511; x_wconf 90' lang='lat' dir='ltr'>quod</span> <span class='ocrx_word' id='word_1_190' title='bbox 1534 2432 1715 2491; x_wconf 86' lang='lat' dir='ltr'>animi</span> <span class='ocrx_word' id='word_1_191' title='bbox 1742 2431 1932 2490; x_wconf 81' lang='lat' dir='ltr'>adfec-</span> 
     </span>
     <span class='ocr_line' id='line_1_30' title="bbox 245 2514 1932 2573; baseline -0.001 -2"><span class='ocrx_word' id='word_1_192' title='bbox 245 2514 464 2571; x_wconf 90' lang='lat' dir='ltr'>tionem</span> <span class='ocrx_word' id='word_1_193' title='bbox 494 2514 710 2571; x_wconf 90' lang='lat' dir='ltr'>lumine</span> <span class='ocrx_word' id='word_1_194' title='bbox 731 2514 942 2571; x_wconf 90' lang='lat' dir='ltr'>mentis</span> <span class='ocrx_word' id='word_1_195' title='bbox 963 2521 1249 2573; x_wconf 88' lang='lat' dir='ltr'>carentem</span> <span class='ocrx_word' id='word_1_196' title='bbox 1279 2514 1721 2572; x_wconf 87' lang='lat' dir='ltr'>nominaverunt</span> <span class='ocrx_word' id='word_1_197' title='bbox 1741 2532 1932 2571; x_wconf 89' lang='lat' dir='ltr'>amen-</span> 
     </span>
     <span class='ocr_line' id='line_1_31' title="bbox 245 2592 1929 2671; baseline 0.001 -21"><span class='ocrx_word' id='word_1_198' title='bbox 245 2594 387 2650; x_wconf 86' lang='lat' dir='ltr'>tiam</span> <span class='ocrx_word' id='word_1_199' title='bbox 411 2593 786 2671; x_wconf 87' lang='lat' dir='ltr'>eamdemque</span> <span class='ocrx_word' id='word_1_200' title='bbox 806 2593 1173 2652; x_wconf 86' lang='lat' dir='ltr'>dementiam.</span> <span class='ocrx_word' id='word_1_201' title='bbox 1236 2593 1326 2651; x_wconf 89' lang='lat' dir='ltr'>Ex</span> <span class='ocrx_word' id='word_1_202' title='bbox 1345 2612 1459 2671; x_wconf 87' lang='lat' dir='ltr'>quo</span> <span class='ocrx_word' id='word_1_203' title='bbox 1478 2592 1929 2670; x_wconf 91' lang='lat' dir='ltr'>intellegendum</span> 
     </span>
     <span class='ocr_line' id='line_1_32' title="bbox 247 2673 1931 2750; baseline -0.001 -20"><span class='ocrx_word' id='word_1_204' title='bbox 247 2680 334 2731; x_wconf 84' lang='lat' dir='ltr'>est</span> <span class='ocrx_word' id='word_1_205' title='bbox 367 2693 481 2744; x_wconf 84' lang='lat' dir='ltr'>eos,</span> <span class='ocrx_word' id='word_1_206' title='bbox 518 2674 618 2750; x_wconf 90' lang='lat' dir='ltr'>qui</span> <span class='ocrx_word' id='word_1_207' title='bbox 650 2673 791 2731; x_wconf 89' lang='lat' dir='ltr'>haec</span> <span class='ocrx_word' id='word_1_208' title='bbox 831 2674 1002 2732; x_wconf 89' lang='lat' dir='ltr'>rebus</span> <span class='ocrx_word' id='word_1_209' title='bbox 1041 2674 1281 2731; x_wconf 87' lang='lat' dir='ltr'>nomina</span> <span class='ocrx_word' id='word_1_210' title='bbox 1320 2679 1653 2750; x_wconf 88' lang='lat' dir='ltr'>posuerunt,</span> <span class='ocrx_word' id='word_1_211' title='bbox 1690 2674 1931 2729; x_wconf 84' lang='lat' dir='ltr'>sensisse</span> 
     </span>
     <span class='ocr_line' id='line_1_33' title="bbox 246 2751 1932 2832; baseline 0 -23"><span class='ocrx_word' id='word_1_212' title='bbox 246 2752 358 2810; x_wconf 91' lang='lat' dir='ltr'>hoc</span> <span class='ocrx_word' id='word_1_213' title='bbox 386 2753 561 2822; x_wconf 90' lang='lat' dir='ltr'>idem,</span> <span class='ocrx_word' id='word_1_214' title='bbox 587 2753 745 2832; x_wconf 88' lang='lat' dir='ltr'>quod</span> <span class='ocrx_word' id='word_1_215' title='bbox 772 2773 806 2811; x_wconf 90' lang='lat' dir='ltr'>a</span> <span class='ocrx_word' id='word_1_216' title='bbox 834 2753 1067 2813; x_wconf 86' lang='lat' dir='ltr'>Socrate</span> <span class='ocrx_word' id='word_1_217' title='bbox 1096 2761 1397 2831; x_wconf 89' lang='lat' dir='ltr'>acceptum</span> <span class='ocrx_word' id='word_1_218' title='bbox 1418 2753 1727 2829; x_wconf 86' lang='lat' dir='ltr'>diligenter</span> <span class='ocrx_word' id='word_1_219' title='bbox 1748 2751 1932 2809; x_wconf 89' lang='lat' dir='ltr'>Stoici</span> 
     </span>
     <span class='ocr_line' id='line_1_34' title="bbox 247 2831 1931 2911; baseline -0.001 -22"><span class='ocrx_word' id='word_1_220' title='bbox 247 2833 620 2903; x_wconf 90' lang='lat' dir='ltr'>retinuerunt,</span> <span class='ocrx_word' id='word_1_221' title='bbox 653 2854 852 2891; x_wconf 87' lang='lat' dir='ltr'>omnes</span> <span class='ocrx_word' id='word_1_222' title='bbox 884 2834 1223 2911; x_wconf 86' lang='lat' dir='ltr'>insipientes</span> <span class='ocrx_word' id='word_1_223' title='bbox 1256 2852 1378 2891; x_wconf 88' lang='lat' dir='ltr'>esse</span> <span class='ocrx_word' id='word_1_224' title='bbox 1404 2852 1525 2891; x_wconf 89' lang='lat' dir='ltr'>non</span> <span class='ocrx_word' id='word_1_225' title='bbox 1554 2852 1739 2891; x_wconf 75' lang='lat' dir='ltr'>sanos,</span> <span class='ocrx_word' id='word_1_226' title='bbox 1816 2831 1931 2900; x_wconf 82' lang='lat' dir='ltr'>Qui</span> 
     </span>
     <span class='ocr_line' id='line_1_35' title="bbox 247 2912 1931 2991; baseline -0.002 -20"><span class='ocrx_word' id='word_1_227' title='bbox 247 2920 336 2971; x_wconf 89' lang='lat' dir='ltr'>est</span> <span class='ocrx_word' id='word_1_228' title='bbox 372 2914 525 2971; x_wconf 91' lang='lat' dir='ltr'>enim</span> <span class='ocrx_word' id='word_1_229' title='bbox 566 2915 789 2972; x_wconf 89' lang='lat' dir='ltr'>animus</span> <span class='ocrx_word' id='word_1_230' title='bbox 833 2914 893 2971; x_wconf 91' lang='lat' dir='ltr'>in</span> <span class='ocrx_word' id='word_1_231' title='bbox 938 2913 1132 2991; x_wconf 86' lang='lat' dir='ltr'>aliquo</span> <span class='ocrx_word' id='word_1_232' title='bbox 1172 2912 1697 2971; x_wconf 87' lang='lat' dir='ltr'>morbo—morbos</span> <span class='ocrx_word' id='word_1_233' title='bbox 1738 2918 1931 2969; x_wconf 88' lang='lat' dir='ltr'>autem</span> 
     </span>
     <span class='ocr_line' id='line_1_36' title="bbox 246 2992 1934 3072; baseline 0 -23"><span class='ocrx_word' id='word_1_234' title='bbox 246 2993 355 3050; x_wconf 90' lang='lat' dir='ltr'>hos</span> <span class='ocrx_word' id='word_1_235' title='bbox 382 2994 743 3072; x_wconf 85' lang='lat' dir='ltr'>perturbatos</span> <span class='ocrx_word' id='word_1_236' title='bbox 771 3001 980 3065; x_wconf 77' lang='lat' dir='ltr'>motuS,</span> <span class='ocrx_word' id='word_1_237' title='bbox 1004 3002 1071 3053; x_wconf 85' lang='lat' dir='ltr'>ut</span> <span class='ocrx_word' id='word_1_238' title='bbox 1098 2994 1276 3051; x_wconf 90' lang='lat' dir='ltr'>modo</span> <span class='ocrx_word' id='word_1_239' title='bbox 1306 2993 1445 3062; x_wconf 88' lang='lat' dir='ltr'>dixi,</span> <span class='ocrx_word' id='word_1_240' title='bbox 1474 2992 1810 3070; x_wconf 87' lang='lat' dir='ltr'>philosophi</span> <span class='ocrx_word' id='word_1_241' title='bbox 1838 3010 1934 3068; x_wconf 89' lang='lat' dir='ltr'>ap·</span> 
     </span>
     <span class='ocr_line' id='line_1_37' title="bbox 247 3070 1933 3150; baseline -0.002 -19"><span class='ocrx_word' id='word_1_242' title='bbox 247 3074 663 3150; x_wconf 88' lang='lat' dir='ltr'>pellant—non</span> <span class='ocrx_word' id='word_1_243' title='bbox 691 3074 877 3150; x_wconf 87' lang='lat' dir='ltr'>magis</span> <span class='ocrx_word' id='word_1_244' title='bbox 905 3082 992 3131; x_wconf 91' lang='lat' dir='ltr'>est</span> <span class='ocrx_word' id='word_1_245' title='bbox 1021 3093 1191 3131; x_wconf 88' lang='lat' dir='ltr'>sanus</span> <span class='ocrx_word' id='word_1_246' title='bbox 1221 3092 1392 3150; x_wconf 89' lang='lat' dir='ltr'>quam</span> <span class='ocrx_word' id='word_1_247' title='bbox 1426 3074 1490 3130; x_wconf 92' lang='lat' dir='ltr'>id</span> <span class='ocrx_word' id='word_1_248' title='bbox 1523 3092 1748 3149; x_wconf 77' lang='lat' dir='ltr'>corpuS,</span> <span class='ocrx_word' id='word_1_249' title='bbox 1776 3070 1933 3149; x_wconf 91' lang='lat' dir='ltr'>quod</span> 
     </span>
     <span class='ocr_line' id='line_1_38' title="bbox 248 3152 1930 3229; baseline -0.001 -20"><span class='ocrx_word' id='word_1_250' title='bbox 248 3153 309 3210; x_wconf 89' lang='lat' dir='ltr'>in</span> <span class='ocrx_word' id='word_1_251' title='bbox 337 3153 542 3211; x_wconf 91' lang='lat' dir='ltr'>morbo</span> <span class='ocrx_word' id='word_1_252' title='bbox 571 3162 672 3212; x_wconf 88' lang='lat' dir='ltr'>est.</span> <span class='ocrx_word' id='word_1_253' title='bbox 758 3153 850 3211; x_wconf 90' lang='lat' dir='ltr'>Ita</span> <span class='ocrx_word' id='word_1_254' title='bbox 875 3153 942 3211; x_wconf 90' lang='lat' dir='ltr'>fit</span> <span class='ocrx_word' id='word_1_255' title='bbox 976 3160 1041 3210; x_wconf 89' lang='lat' dir='ltr'>ut</span> <span class='ocrx_word' id='word_1_256' title='bbox 1073 3153 1355 3229; x_wconf 74' lang='lat' dir='ltr'>sapientia</span> <span class='ocrx_word' id='word_1_257' title='bbox 1388 3153 1601 3210; x_wconf 87' lang='lat' dir='ltr'>sanitas</span> <span class='ocrx_word' id='word_1_258' title='bbox 1630 3153 1703 3209; x_wconf 86' lang='lat' dir='ltr'>sit</span> <span class='ocrx_word' id='word_1_259' title='bbox 1732 3152 1930 3222; x_wconf 88' lang='lat' dir='ltr'>animi,</span> 
     </span>
     <span class='ocr_line' id='line_1_39' title="bbox 249 3232 1934 3313; baseline 0.001 -24"><span class='ocrx_word' id='word_1_260' title='bbox 249 3232 580 3310; x_wconf 85' lang='lat' dir='ltr'>insipientia</span> <span class='ocrx_word' id='word_1_261' title='bbox 612 3242 804 3294; x_wconf 87' lang='lat' dir='ltr'>autem</span> <span class='ocrx_word' id='word_1_262' title='bbox 835 3233 998 3312; x_wconf 85' lang='lat' dir='ltr'>quasi</span> <span class='ocrx_word' id='word_1_263' title='bbox 1030 3232 1306 3291; x_wconf 87' lang='lat' dir='ltr'>insanitas</span> <span class='ocrx_word' id='word_1_264' title='bbox 1334 3232 1632 3313; x_wconf 87' lang='lat' dir='ltr'>quaedam,</span> <span class='ocrx_word' id='word_1_265' title='bbox 1665 3251 1811 3313; x_wconf 83' lang='lat' dir='ltr'>quae</span> <span class='ocrx_word' id='word_1_266' title='bbox 1846 3239 1934 3291; x_wconf 88' lang='lat' dir='ltr'>est</span> 
     </span>
    </p>
   </div>
  </div>
 </body>
</html>
