2235 3581
279 156 374 202 164
505 155 684 206 TUSC
694 156 1101 209 ULANARUM
1137 158 1740 211 DISPUTATIONUM

277 256 434 326 dum,
467 255 528 312 id
561 263 712 314 certe
752 257 1211 335 approbandum,
1242 259 1402 336 quod
1434 280 1568 318 vero
1607 263 1961 340 approbariS,

276 335 338 392 id
365 341 595 411 gratum
624 347 1038 415 acceptumque
1065 338 1430 397 habendum:
1468 360 1606 418 ergo
1634 343 1807 400 etiam
1839 343 1964 420 dig-

275 416 425 472 nitas
454 415 507 472 ei
535 415 840 474 tribuenda
868 425 969 476 est.
1056 418 1229 488 Quod
1258 421 1305 475 si
1335 421 1417 477 ita
1444 428 1547 491 est,
1572 420 1858 481 laudabile
1888 425 1964 481 sit

275 514 502 552 necesse
532 503 650 553 est:
696 496 912 554 bonum
943 498 1123 574 igitur
1151 517 1322 556 omne
1350 499 1648 559 laudabile.
1733 501 1821 559 Ex
1844 523 1961 580 quo

273 574 517 632 efficitur
543 583 626 647 ut,
653 577 810 653 quod
838 578 914 634 sit
943 577 1347 650 honestum,id
1366 580 1451 646 ‘sit
1480 580 1664 638 solum
1694 581 1931 640 bonum.

352 655 520 713 XVI.
607 661 700 714 46.
747 656 917 726 Quod
961 659 1022 714 ni
1065 659 1151 716 ita
1190 659 1531 730 tenebimUS,
1568 661 1752 718 multa
1793 670 1963 720 erunt

275 753 418 812 quae
453 735 620 793 nobis
648 735 802 794 bona
834 737 1078 795 dicenda
1111 739 1259 795 sint:
1305 740 1515 796 omitto
1545 741 1793 813 divitias,
1821 761 1962 819 quas

272 834 404 872 cum
435 817 622 892 quivis
651 818 912 894 quamvis
940 818 1216 895 indignus
1242 818 1451 876 habere
1479 821 1681 896 possit,
1701 821 1762 878 in
1791 821 1962 879 bonis

272 914 389 951 non
432 915 702 954 numero:
747 898 906 974 quod
939 898 1092 954 enim
1136 905 1223 955 est
1255 897 1492 970 bonum,
1522 899 1585 956 id
1617 920 1737 958 non
1770 902 1959 978 quivis

273 974 478 1032 habere
506 983 732 1052 potest:
777 977 988 1034 omitto
1023 978 1385 1036 nobilitatem
1416 979 1749 1057 famamque
1778 1001 1961 1058 popu-

273 1054 446 1112 larem
495 1055 806 1112 stultorum
856 1057 1369 1135 improborumque
1418 1079 1700 1117 consensu
1753 1063 1961 1119 excita-

270 1141 425 1192 tam:
468 1134 626 1207 haec,
653 1156 798 1212 quae
831 1146 967 1194 sunt
999 1138 1259 1208 minima,
1285 1146 1479 1196 tamen
1511 1139 1661 1198 bona
1695 1140 1960 1198 dicantur

272 1234 495 1272 necesse
525 1222 626 1287 est,
644 1216 938 1274 candiduli
960 1218 1180 1288 dentes,
1203 1220 1427 1276 venusti
1456 1220 1624 1290 oculi,
1649 1220 1809 1277 color
1835 1241 1958 1278 sna-

273 1295 370 1366 viS,
395 1303 453 1353 et
483 1316 566 1368 ea,
593 1316 738 1374 quae
766 1297 1035 1354 Anticlea
1067 1297 1263 1355 laudat
1292 1299 1454 1357 Ulixi
1484 1300 1659 1376 pedes
1687 1300 1953 1359 abluens:

572 1418 820 1468 Lenitudo
842 1419 1096 1480 orationis,
1121 1420 1387 1468 mollitudo
1411 1421 1644 1483 corporis,

267 1557 335 1604 ca
375 1537 424 1594 si
465 1537 618 1595 bona
650 1537 940 1608 ducemuS,
979 1537 1122 1614 quid
1164 1538 1272 1595 crit
1310 1539 1370 1594 in
1408 1538 1741 1616 philosophi
1774 1542 1957 1617 gravi-

268 1624 386 1674 tate
443 1638 614 1695 quam
670 1619 730 1674 in
779 1616 939 1694 vulgi
993 1617 1271 1694 opinione
1312 1618 1736 1696 stultorumque
1785 1621 1958 1678 turba

269 1698 426 1774 quod
473 1698 698 1756 dicatur
751 1704 856 1755 aut
901 1698 1133 1774 gravius
1188 1705 1289 1756 aut
1336 1699 1649 1775 grandius?
1731 1700 1824 1757 47.
1871 1701 1955 1759 At

267 1777 421 1835 onim
463 1778 664 1835 eadem
697 1777 879 1836 Stoici
902 1777 1255 1852 praecipua
1290 1778 1375 1837 vel
1405 1777 1719 1852 prodacta
1752 1780 1955 1839 dicunt

268 1878 412 1935 quae
445 1858 598 1915 bona
639 1859 751 1916 isti.
836 1858 1059 1916 Dicunt
1100 1859 1185 1916 illi
1229 1859 1480 1937 quidem,
1518 1860 1619 1917 sed
1661 1860 1732 1917 iis
1774 1861 1950 1918 vitam

265 1937 492 1996 b‘eatam
521 1938 797 2015 compleri
825 1945 1070 2015 negant:
1115 1938 1179 1995 hi
1207 1948 1401 2007 autem
1430 1940 1553 1997 sine
1582 1940 1653 1996 iis
1681 1959 1801 1998 esse
1830 1943 1954 1999 nul-

266 2018 379 2075 lam
421 2024 630 2095 putant
664 2025 780 2089 aut,
811 2019 858 2075 si
899 2019 976 2075 sit
1008 2018 1193 2091 beata,
1231 2018 1621 2077 beatissimam
1664 2028 1816 2078 certe
1858 2042 1953 2079 ne-

264 2104 420 2175 gant.
507 2098 631 2155 Nos
672 2104 866 2155 autem
901 2099 1167 2156 volumus
1205 2098 1613 2171 beatissimam,
1644 2100 1819 2177 idque
1853 2121 1953 2159 no-

265 2178 353 2236 bis
376 2178 666 2235 Socratica
686 2178 784 2236 illa
810 2178 1179 2237 conclusione
1206 2179 1591 2237 confirmatur.
1676 2180 1773 2238 Sic
1795 2182 1951 2239 enim

265 2259 534 2336 princeps
566 2259 662 2316 ille
694 2258 1097 2336 philosophiae
1132 2258 1476 2317 disserebat:
1529 2258 1727 2328 Qualis
1768 2261 1953 2319 cuius-

267 2359 377 2416 que
410 2340 588 2396 animi
621 2339 885 2396 adfectus
917 2345 1081 2410 esset,
1111 2340 1287 2396 talem
1322 2358 1443 2397 esse
1477 2340 1791 2411 hominem,
1818 2360 1952 2418 qua-

265 2419 334 2477 lis
379 2427 570 2477 autem
613 2418 792 2475 homo
837 2418 959 2496 ipse
1001 2425 1166 2490 esset,
1197 2419 1372 2477 talem
1415 2420 1537 2476 eius
1577 2439 1700 2477 esse
1742 2422 1952 2478 oratio-

263 2519 414 2571 nem,
437 2499 685 2556 orationi
713 2506 906 2556 antem
928 2499 1084 2555 facta
1111 2498 1336 2571 similia,
1356 2499 1528 2556 factis
1548 2500 1743 2557 vitam.
1829 2500 1952 2558 Ad-

262 2580 452 2637 fectus
475 2586 686 2637 -autem
725 2579 905 2636 animi
937 2578 998 2635 in
1033 2577 1189 2637 bono
1224 2579 1346 2636 viro
1390 2578 1706 2651 laudabilis,
1738 2586 1796 2637 et
1829 2581 1951 2637 vita

263 2660 442 2736 igitur
473 2658 776 2716 laudabilis
807 2658 949 2717 boni
982 2658 1089 2715 viri
1124 2666 1183 2716 et
1210 2659 1454 2717 honesta
1486 2678 1640 2736 ergo,
1673 2660 1947 2737 quoniam

263 2738 579 2797 laudabilis,
665 2738 754 2796 Ex
794 2738 1002 2816 quibus
1035 2739 1322 2796 bonorum
1355 2739 1583 2797 beatam
1612 2740 1790 2797 vitam
1825 2760 1946 2797 esse

262 2818 638 2876 concluditur.
726 2824 818 2875 48.
866 2818 1099 2876 Etenim
1133 2838 1240 2896 pro
1274 2819 1516 2876 deorum
1554 2824 1727 2896 atque
1762 2819 1947 2877 homi-

262 2917 402 2955 num
454 2898 662 2956 fidem!
725 2917 1001 2974 parumne
1057 2899 1357 2974 cognitum
1414 2906 1502 2957 est
1556 2899 1946 2975 superioribus

261 2978 474 3035 nostris
506 2977 997 3054 disputationibus
1034 2996 1107 3034 an
1143 2978 1541 3035 delectationis
1578 2987 1638 3035 et
1672 2978 1780 3036 otii
1812 2998 1946 3036 con-

262 3056 524 3113 sumendi
581 3074 749 3113 causa
800 3056 979 3113 locuti
1034 3075 1248 3127 sumuS,
1292 3057 1609 3133 sapientem
1663 3057 1737 3116 ab
1783 3060 1944 3115 omni

205 3132 224 3151 ‘
261 3135 646 3192 concitatione
675 3134 869 3204 animi,
896 3154 1066 3211 quam
1096 3136 1591 3211 perturbationem
1612 3156 1773 3209 voco,
1800 3158 1945 3197 sem-

262 3232 362 3289 per
393 3233 603 3283 vacare,
628 3232 852 3289 semper
879 3214 937 3269 in
969 3213 1163 3271 animo
1194 3215 1315 3271 eius
1344 3234 1463 3273 esse
1490 3215 1939 3291 placidissimam
