2235 3581
753 185 894 234 LlB.
934 177 1022 244 V„
1056 185 1213 234 CAP.
1248 185 1480 235 IX.-XI.
1870 187 1967 242 159,

278 288 476 347 terreri
517 287 826 364 omniaque
869 286 981 344 sibi
1020 287 1082 343 in
1127 306 1247 344 sese
1289 306 1411 345 esse
1450 287 1643 364 posita
1697 305 1800 344 nec
1842 305 1963 347 esse

276 369 594 447 quidquam
637 374 799 425 extra
839 386 1001 424 suam
1043 373 1391 444 potestatem
1435 366 1594 444 quod
1648 366 1863 424 ducant
1902 366 1963 423 in

279 449 462 506 boniS.
551 453 642 504 31.
689 447 860 504 Nunc
909 454 969 504 et
1008 446 1148 504 haec
1192 446 1368 524 loqui,
1405 465 1549 524 quae
1592 453 1727 504 sunt
1768 446 1965 522 magni

277 527 577 586 cuiusdam
606 536 666 584 et
693 527 796 584 alti
825 527 948 598 viri,
973 534 1034 584 et
1066 527 1265 584 eadem
1298 546 1443 604 quae
1472 526 1675 602 vulgus
1710 527 1767 582 in
1798 525 1965 582 malis

277 615 336 666 et
366 607 535 665 bonis
563 626 860 664 numerare
889 607 1129 664 concedi
1160 607 1320 663 nullo
1355 607 1532 663 modo
1562 614 1769 682 potest.
1839 605 1966 675 Qua

277 688 466 765 gloria
493 693 820 744 commotus
853 685 1136 763 Epicurus
1169 686 1439 756 exoritur,
1464 687 1555 743 cui
1584 686 1774 756 etiam,
1800 686 1856 765 si·
1876 685 1966 742 dis

279 768 486 846 placet,
508 767 736 824 videtur
755 785 984 842 semper
999 767 1227 844 sapiens
1247 767 1464 823 beatus.
1551 765 1666 822 Hic
1685 766 1967 842 dignitate

281 848 458 904 huius
487 847 803 904 sententiae
831 847 1072 923 capitur,
1097 846 1199 904 sed
1226 865 1541 923 numquam
1572 845 1635 902 id
1662 846 1892 914 diceret,
1918 846 1966 902 si

279 929 404 1006 ipse
427 946 486 984 se
507 927 746 984 audiret.
811 926 966 996 Quid
988 934 1075 984 est
1092 927 1247 984 enim
1273 927 1429 1003 quod
1452 927 1643 982 minus
1664 926 1968 984 conveniat

281 1027 457 1084 quam
485 1013 552 1066 ut
579 1007 644 1077 is,
671 1007 772 1084 qui
800 1006 888 1064 vel
917 1025 1210 1064 summum
1233 1007 1321 1064 vel
1350 1006 1536 1064 solum
1564 1005 1783 1064 malum
1810 1006 1968 1062 dolo-

280 1105 403 1152 rem
449 1105 571 1144 esse
620 1087 792 1158 dicat,
829 1086 984 1144 idem
1034 1093 1295 1144 censeat:
1355 1087 1389 1114 “
1406 1086 1594 1156 Quam
1639 1087 1749 1144 hoc
1797 1105 1968 1144 suave

281 1166 638 1240 estl’fltum,
675 1186 808 1224 cum
843 1166 1042 1224 dolore
1075 1168 1374 1234 crucietur,
1406 1166 1697 1224 dicturum
1733 1186 1852 1224 esse
1888 1185 1968 1222 sa-

282 1248 578 1324 pientem?
659 1247 716 1304 N
718 1266 790 1304 on
814 1247 997 1323 igitur
1017 1266 1086 1306 ex
1113 1247 1357 1324 singulis
1380 1245 1615 1303 vocibus
1635 1245 1969 1323 philosophi

282 1327 584 1404 spectandi
607 1333 759 1397 sunt,
781 1327 885 1384 sed
913 1346 982 1384 ex
1010 1328 1397 1404 perpetuitate
1426 1335 1599 1403 atque
1626 1326 1964 1384 constantia.

363 1407 472 1469 XI,
559 1413 652 1466 32.
687 1406 762 1465 A.
799 1407 1072 1471 Adducis
1091 1427 1187 1465 me
1221 1414 1288 1464 ut
1324 1406 1433 1464 tibi
1466 1406 1767 1464 adsentiar.
1854 1405 1969 1462 Sed

280 1495 384 1546 tua
411 1505 641 1565 quoque
669 1487 800 1544 vide
827 1506 900 1544 ne
929 1487 1282 1546 desideretur
1314 1487 1651 1544 constantia.

363 1567 440 1625 M.
479 1567 745 1637 Quonam
774 1569 990 1624 modo?

361 1642 435 1705 A.
475 1647 626 1716 Quia
651 1646 767 1724 legi
793 1655 962 1704 tuum
990 1665 1175 1724 nuper
1204 1655 1471 1724 quartum
1499 1647 1573 1704 de
1599 1645 1826 1704 finibus·
1900 1645 1969 1702 In

281 1747 352 1786 eo
379 1727 527 1784 mihi
554 1727 820 1786 videbare
849 1733 1050 1793 contra
1069 1727 1352 1786 Catonem
1382 1727 1665 1784 disserens
1691 1727 1803 1784 hoc
1825 1725 1971 1784 velle

285 1809 604 1880 ostendere,
638 1809 795 1885 quod
825 1808 973 1865 mihi
1009 1808 1245 1886 quidem
1281 1808 1572 1885 probatur,
1602 1808 1754 1865 inter
1794 1807 1971 1865 Zeno·

283 1908 418 1947 nem
446 1896 506 1947 et
534 1888 952 1965 Peripateticos
985 1888 1131 1946 nihil
1165 1899 1389 1965 praeter
1416 1887 1718 1945 verborum
1752 1888 1972 1945 novita-

282 1968 723 2035 teminteresse.
787 1968 960 2037 Quod
994 1969 1044 2027 si
1069 1969 1155 2026 ita
1180 1976 1269 2025 est
1297 1968 1437 2045 quid
1466 1974 1553 2027 est
1579 1987 1781 2027 causae
1810 1969 1968 2046 quin,

283 2049 333 2107 si
375 2048 624 2107 Zenonis
657 2049 870 2106 rationi
911 2056 1361 2107 consentaneum
1395 2048 1487 2119 sit,
1520 2049 1659 2106 satis
1698 2068 1969 2125 magnam

283 2129 406 2186 vim
439 2129 504 2187 in
535 2129 750 2186 virtute
781 2148 904 2187 esse
946 2129 1021 2186 ad
1055 2129 1223 2187 beate
1256 2128 1584 2199 vivendum,
1616 2128 1783 2187 liceat
1815 2128 1969 2186 idem

283 2208 685 2285 Peripateticis
741 2208 968 2267 dicere?
1047 2210 1197 2267 Rem
1258 2208 1415 2265 enim
1470 2209 1679 2285 opinor
1725 2208 1972 2285 spectari

281 2297 566 2366 oportere,
591 2308 708 2345 non
737 2288 922 2347 verba.

366 2375 459 2427 33.
505 2368 582 2427 M.
620 2369 710 2427 Tu
733 2369 966 2446 quidem
989 2368 1217 2427 tabellis
1245 2368 1565 2445 obsignatis
1592 2368 1715 2445 agis
1742 2382 1970 2425 mecum

282 2457 345 2507 et
370 2448 694 2507 testificaris
716 2450 858 2526 quid
885 2450 1131 2507 dixerim
1159 2448 1469 2527 aliquando
1498 2454 1599 2507 aut
1626 2448 1968 2525 scripserim.

283 2528 438 2587 Cum
461 2529 588 2586 aliis
609 2529 722 2587 isto
745 2530 939 2601 mod0‚
965 2530 1066 2606 qui
1085 2529 1311 2607 legibus
1330 2529 1619 2607 impositis
1641 2529 1969 2606 disputant:

284 2628 394 2666 nos
433 2608 494 2665 in
537 2608 692 2667 diem
733 2610 996 2681 vivimUS,
1029 2610 1434 2687 quodcumque
1476 2616 1705 2667 nostros
1746 2609 1971 2667 animos

283 2687 690 2767 probabilitate
716 2690 1013 2766 percussit,
1038 2690 1102 2747 id
1129 2691 1391 2760 dicimuS,
1416 2690 1609 2767 itaque
1638 2689 1746 2747 soli
1774 2708 1971 2746 sumus

283 2767 464 2826 liberi.
529 2768 750 2827 Verum
778 2776 990 2841 tamen,
1016 2771 1289 2847 quoniam
1324 2770 1397 2827 de
1426 2770 1754 2827 constantia·
1776 2769 1970 2846 paullo

282 2855 420 2905 ante
448 2848 719 2921 diximUS,
739 2868 857 2907 non
879 2869 988 2926 ego
1018 2850 1131 2907 hoo
1158 2850 1285 2907 loco
1316 2851 1375 2907 id
1399 2850 1785 2927 quaerendum
1806 2855 1967 2927 put0‚

284 2948 558 2987 verumne
587 2930 664 2987 sit
691 2930 850 3007 quod
877 2930 1095 2987 Zenoni
1123 2929 1399 3007 placuerit
1428 2930 1698 3006 quodque
1727 2930 1849 2987 eius
1877 2948 1972 2985 au-

283 3009 462 3067 ditori
496 3009 774 3081 Aristoni,
808 3009 1026 3068 bonum
1069 3030 1191 3067 esse
1233 3010 1417 3067 solum
1462 3011 1620 3087 quod
1659 3009 1969 3066 honestum

283 3096 450 3159 esset,
483 3090 601 3161 sed,
631 3090 694 3146 ni
727 3090 810 3147 ita
841 3097 1004 3161 esset,
1035 3096 1163 3148 tum
1197 3097 1264 3146 ut
1300 3090 1411 3146 hoc
1448 3096 1657 3159 totum,
1689 3088 1855 3146 beate
1892 3088 1971 3143 vi-

284 3186 432 3240 vere,
456 3169 516 3225 iu
539 3189 655 3227 una
683 3170 890 3227 virtute
919 3176 1174 3246 poneret.
1261 3174 1352 3226 34.
1392 3168 1519 3237 Qua
1547 3188 1607 3225 re
1636 3168 1837 3225 demus
1858 3164 1969 3223 hoc

283 3268 420 3307 sane
449 3248 650 3320 Brut0,
672 3256 739 3306 ut
767 3250 842 3307 sit
869 3249 1068 3307 beatus
1098 3269 1322 3324 semper
1351 3250 1608 3324 sapiens:
1656 3266 1827 3325 quam
1858 3246 1971 3304 sibi
