<?xml version="1.0" encoding="UTF-8"?>
<!DOCTYPE html PUBLIC "-//W3C//DTD XHTML 1.0 Transitional//EN"
    "http://www.w3.org/TR/xhtml1/DTD/xhtml1-transitional.dtd">
<html xmlns="http://www.w3.org/1999/xhtml" xml:lang="en" lang="en">
 <head>
  <title>
</title>
<meta http-equiv="Content-Type" content="text/html;charset=utf-8" />
  <meta name='ocr-system' content='tesseract 3.04.00' />
  <meta name='ocr-capabilities' content='ocr_page ocr_carea ocr_par ocr_line ocrx_word'/>
</head>
<body>
  <div class='ocr_page' id='page_1' title='image "./tusculanarumdis06cicegoog_0012.png"; bbox 0 0 2235 3581; ppageno 0'>
   <div class='ocr_carea' id='block_1_1' title="bbox 264 177 1369 228">
    <p class='ocr_par' dir='ltr' id='par_1_1' title="bbox 264 177 1369 228">
     <span class='ocr_line' id='line_1_1' title="bbox 264 177 1369 228; baseline 0.004 -4"><span class='ocrx_word' id='word_1_1' title='bbox 264 179 295 224; x_wconf 81' lang='lat'>2</span> <span class='ocrx_word' id='word_1_2' title='bbox 836 177 1369 228; x_wconf 82' lang='lat' dir='ltr'><strong>ARGUMENTUM.</strong></span> 
     </span>
    </p>
   </div>
   <div class='ocr_carea' id='block_1_2' title="bbox 200 277 1974 3291">
    <p class='ocr_par' dir='ltr' id='par_1_2' title="bbox 200 277 1974 3291">
     <span class='ocr_line' id='line_1_2' title="bbox 264 277 1951 341; baseline 0.003 -18"><span class='ocrx_word' id='word_1_3' title='bbox 264 277 338 324; x_wconf 86' lang='lat' dir='ltr'>dit</span> <span class='ocrx_word' id='word_1_4' title='bbox 362 283 573 326; x_wconf 86' lang='lat' dir='ltr'>mortem</span> <span class='ocrx_word' id='word_1_5' title='bbox 594 291 694 326; x_wconf 85' lang='lat' dir='ltr'>non</span> <span class='ocrx_word' id='word_1_6' title='bbox 717 291 862 340; x_wconf 88' lang='lat' dir='ltr'>posse</span> <span class='ocrx_word' id='word_1_7' title='bbox 883 277 1071 325; x_wconf 85' lang='lat' dir='ltr'>malum</span> <span class='ocrx_word' id='word_1_8' title='bbox 1094 292 1203 326; x_wconf 85' lang='lat' dir='ltr'>esse</span> <span class='ocrx_word' id='word_1_9' title='bbox 1225 278 1453 339; x_wconf 77' lang='lat' dir='ltr'>mortuiS,</span> <span class='ocrx_word' id='word_1_10' title='bbox 1479 278 1610 341; x_wconf 92' lang='lat' dir='ltr'>quod</span> <span class='ocrx_word' id='word_1_11' title='bbox 1628 287 1680 328; x_wconf 87' lang='lat' dir='ltr'>et</span> <span class='ocrx_word' id='word_1_12' title='bbox 1704 278 1830 328; x_wconf 77' lang='lat' dir='ltr'>falsa</span> <span class='ocrx_word' id='word_1_13' title='bbox 1851 278 1951 328; x_wconf 86' lang='lat' dir='ltr'>sint</span> 
     </span>
     <span class='ocr_line' id='line_1_3' title="bbox 264 342 1949 408; baseline 0.002 -19"><span class='ocrx_word' id='word_1_14' title='bbox 264 343 448 402; x_wconf 87' lang='lat' dir='ltr'>omnia,</span> <span class='ocrx_word' id='word_1_15' title='bbox 468 357 597 405; x_wconf 86' lang='lat' dir='ltr'>quae</span> <span class='ocrx_word' id='word_1_16' title='bbox 620 342 683 390; x_wconf 91' lang='lat' dir='ltr'>de</span> <span class='ocrx_word' id='word_1_17' title='bbox 705 343 876 391; x_wconf 86' lang='lat' dir='ltr'>inferis</span> <span class='ocrx_word' id='word_1_18' title='bbox 898 343 1027 405; x_wconf 87' lang='lat' dir='ltr'>apud</span> <span class='ocrx_word' id='word_1_19' title='bbox 1053 345 1226 406; x_wconf 66' lang='lat' dir='ltr'>poetas</span> <span class='ocrx_word' id='word_1_20' title='bbox 1249 352 1528 404; x_wconf 74' lang='lat' dir='ltr'>narrentur,</span> <span class='ocrx_word' id='word_1_21' title='bbox 1549 352 1616 406; x_wconf 88' lang='lat' dir='ltr'>et,</span> <span class='ocrx_word' id='word_1_22' title='bbox 1637 345 1678 392; x_wconf 92' lang='lat' dir='ltr'>si</span> <span class='ocrx_word' id='word_1_23' title='bbox 1703 359 1949 408; x_wconf 85' lang='lat' dir='ltr'><strong>nusquam</strong></span> 
     </span>
     <span class='ocr_line' id='line_1_4' title="bbox 264 407 1939 472; baseline 0.003 -18"><span class='ocrx_word' id='word_1_24' title='bbox 264 408 363 455; x_wconf 88' lang='lat' dir='ltr'>sint</span> <span class='ocrx_word' id='word_1_25' title='bbox 390 409 591 468; x_wconf 88' lang='lat' dir='ltr'>mortui,</span> <span class='ocrx_word' id='word_1_26' title='bbox 620 407 671 467; x_wconf 90' lang='lat' dir='ltr'>ii,</span> <span class='ocrx_word' id='word_1_27' title='bbox 702 407 838 472; x_wconf 87' lang='lat' dir='ltr'>quod</span> <span class='ocrx_word' id='word_1_28' title='bbox 864 409 987 456; x_wconf 87' lang='lat' dir='ltr'>nihil</span> <span class='ocrx_word' id='word_1_29' title='bbox 1017 409 1249 470; x_wconf 81' lang='lat' dir='ltr'>sentiant,</span> <span class='ocrx_word' id='word_1_30' title='bbox 1278 424 1378 456; x_wconf 87' lang='lat' dir='ltr'>non</span> <span class='ocrx_word' id='word_1_31' title='bbox 1406 410 1597 472; x_wconf 83' lang='lat' dir='ltr'>possint</span> <span class='ocrx_word' id='word_1_32' title='bbox 1623 425 1730 458; x_wconf 86' lang='lat' dir='ltr'>esse</span> <span class='ocrx_word' id='word_1_33' title='bbox 1757 413 1939 472; x_wconf 89' lang='lat' dir='ltr'>miseri,</span> 
     </span>
     <span class='ocr_line' id='line_1_5' title="bbox 264 473 1948 536; baseline 0.004 -16"><span class='ocrx_word' id='word_1_34' title='bbox 264 489 373 536; x_wconf 83' lang='lat' dir='ltr'>cap.</span> <span class='ocrx_word' id='word_1_35' title='bbox 408 475 520 523; x_wconf 85' lang='lat'><strong>5-7.</strong></span> <span class='ocrx_word' id='word_1_36' title='bbox 594 473 793 522; x_wconf 81' lang='lat' dir='ltr'>Deinde</span> <span class='ocrx_word' id='word_1_37' title='bbox 832 474 1085 522; x_wconf 86' lang='lat' dir='ltr'>morituris</span> <span class='ocrx_word' id='word_1_38' title='bbox 1124 484 1336 523; x_wconf 84' lang='lat' dir='ltr'>mortem</span> <span class='ocrx_word' id='word_1_39' title='bbox 1370 490 1470 522; x_wconf 91' lang='lat' dir='ltr'>non</span> <span class='ocrx_word' id='word_1_40' title='bbox 1504 491 1612 524; x_wconf 89' lang='lat' dir='ltr'>esse</span> <span class='ocrx_word' id='word_1_41' title='bbox 1646 477 1833 525; x_wconf 84' lang='lat' dir='ltr'>malum</span> <span class='ocrx_word' id='word_1_42' title='bbox 1861 477 1948 526; x_wconf 84' lang='lat' dir='ltr'>‹le-</span> 
     </span>
     <span class='ocr_line' id='line_1_6' title="bbox 264 541 1946 603; baseline 0.004 -18"><span class='ocrx_word' id='word_1_43' title='bbox 264 548 541 587; x_wconf 86' lang='lat' dir='ltr'>monstrare</span> <span class='ocrx_word' id='word_1_44' title='bbox 559 541 781 602; x_wconf 88' lang='lat' dir='ltr'>suscipit,</span> <span class='ocrx_word' id='word_1_45' title='bbox 804 555 909 602; x_wconf 87' lang='lat' dir='ltr'>cap.</span> <span class='ocrx_word' id='word_1_46' title='bbox 934 541 981 588; x_wconf 88' lang='lat'>8.</span> <span class='ocrx_word' id='word_1_47' title='bbox 1056 541 1198 588; x_wconf 86' lang='lat' dir='ltr'>Mors</span> <span class='ocrx_word' id='word_1_48' title='bbox 1217 541 1337 603; x_wconf 89' lang='lat' dir='ltr'>quid</span> <span class='ocrx_word' id='word_1_49' title='bbox 1355 541 1420 588; x_wconf 87' lang='lat' dir='ltr'>sit</span> <span class='ocrx_word' id='word_1_50' title='bbox 1442 555 1541 589; x_wconf 89' lang='lat' dir='ltr'>non</span> <span class='ocrx_word' id='word_1_51' title='bbox 1566 552 1794 592; x_wconf 82' lang='lat' dir='ltr'>constare</span> <span class='ocrx_word' id='word_1_52' title='bbox 1817 546 1946 591; x_wconf 88' lang='lat' dir='ltr'>inter</span> 
     </span>
     <span class='ocr_line' id='line_1_7' title="bbox 262 604 1938 670; baseline 0.003 -19"><span class='ocrx_word' id='word_1_53' title='bbox 262 604 599 668; x_wconf 86' lang='lat' dir='ltr'>philosophos,</span> <span class='ocrx_word' id='word_1_54' title='bbox 628 605 713 668; x_wconf 90' lang='lat' dir='ltr'>qui</span> <span class='ocrx_word' id='word_1_55' title='bbox 741 605 804 652; x_wconf 92' lang='lat' dir='ltr'>de</span> <span class='ocrx_word' id='word_1_56' title='bbox 830 606 985 653; x_wconf 85' lang='lat' dir='ltr'>animi</span> <span class='ocrx_word' id='word_1_57' title='bbox 1018 614 1202 654; x_wconf 84' lang='lat' dir='ltr'>natura</span> <span class='ocrx_word' id='word_1_58' title='bbox 1227 605 1371 654; x_wconf 86' lang='lat' dir='ltr'>valde</span> <span class='ocrx_word' id='word_1_59' title='bbox 1405 605 1717 668; x_wconf 79' lang='lat' dir='ltr'>dissentiant,</span> <span class='ocrx_word' id='word_1_60' title='bbox 1748 623 1856 670; x_wconf 83' lang='lat' dir='ltr'>cap.</span> <span class='ocrx_word' id='word_1_61' title='bbox 1889 613 1938 670; x_wconf 88' lang='grc'>9,</span> 
     </span>
     <span class='ocr_line' id='line_1_8' title="bbox 272 670 1945 736; baseline 0.004 -20"><span class='ocrx_word' id='word_1_62' title='bbox 272 673 344 726; x_wconf 83' lang='grc'>10,</span> <span class='ocrx_word' id='word_1_63' title='bbox 374 685 472 733; x_wconf 85' lang='lat' dir='ltr'>qua</span> <span class='ocrx_word' id='word_1_64' title='bbox 505 685 604 718; x_wconf 87' lang='lat' dir='ltr'>non</span> <span class='ocrx_word' id='word_1_65' title='bbox 640 671 840 730; x_wconf 88' lang='lat' dir='ltr'>cognita</span> <span class='ocrx_word' id='word_1_66' title='bbox 868 685 931 725; x_wconf 87' lang='lat' dir='ltr'>ne</span> <span class='ocrx_word' id='word_1_67' title='bbox 958 680 1173 719; x_wconf 89' lang='lat' dir='ltr'>mortem</span> <span class='ocrx_word' id='word_1_68' title='bbox 1201 670 1401 734; x_wconf 88' lang='lat' dir='ltr'>quidem</span> <span class='ocrx_word' id='word_1_69' title='bbox 1431 671 1590 733; x_wconf 89' lang='lat' dir='ltr'>qualis</span> <span class='ocrx_word' id='word_1_70' title='bbox 1617 673 1682 720; x_wconf 87' lang='lat' dir='ltr'>sit</span> <span class='ocrx_word' id='word_1_71' title='bbox 1704 689 1847 736; x_wconf 87' lang='lat' dir='ltr'>posse</span> <span class='ocrx_word' id='word_1_72' title='bbox 1869 674 1945 722; x_wconf 90' lang='lat' dir='ltr'>in-</span> 
     </span>
     <span class='ocr_line' id='line_1_9' title="bbox 266 733 1941 800; baseline 0.005 -20"><span class='ocrx_word' id='word_1_73' title='bbox 266 733 446 794; x_wconf 84' lang='lat' dir='ltr'>tellegi.</span> <span class='ocrx_word' id='word_1_74' title='bbox 509 736 608 796; x_wconf 83' lang='lat' dir='ltr'>Qui</span> <span class='ocrx_word' id='word_1_75' title='bbox 642 737 863 784; x_wconf 85' lang='lat' dir='ltr'>animum</span> <span class='ocrx_word' id='word_1_76' title='bbox 892 736 1201 785; x_wconf 83' lang='lat' dir='ltr'>confundant</span> <span class='ocrx_word' id='word_1_77' title='bbox 1224 751 1338 784; x_wconf 89' lang='lat' dir='ltr'>cum</span> <span class='ocrx_word' id='word_1_78' title='bbox 1367 752 1587 800; x_wconf 83' lang='lat' dir='ltr'>corpore,</span> <span class='ocrx_word' id='word_1_79' title='bbox 1616 738 1678 786; x_wconf 86' lang='lat' dir='ltr'>iis</span> <span class='ocrx_word' id='word_1_80' title='bbox 1705 755 1805 786; x_wconf 90' lang='lat' dir='ltr'>una</span> <span class='ocrx_word' id='word_1_81' title='bbox 1830 755 1941 788; x_wconf 91' lang='lat' dir='ltr'>cum</span> 
     </span>
     <span class='ocr_line' id='line_1_10' title="bbox 265 800 1944 864; baseline 0.003 -17"><span class='ocrx_word' id='word_1_82' title='bbox 265 803 358 848; x_wconf 83' lang='lat' dir='ltr'>hoc</span> <span class='ocrx_word' id='word_1_83' title='bbox 393 801 534 848; x_wconf 89' lang='lat' dir='ltr'>illum</span> <span class='ocrx_word' id='word_1_84' title='bbox 571 801 775 850; x_wconf 87' lang='lat' dir='ltr'>interire</span> <span class='ocrx_word' id='word_1_85' title='bbox 811 800 983 861; x_wconf 83' lang='lat' dir='ltr'>videri,</span> <span class='ocrx_word' id='word_1_86' title='bbox 1008 801 1224 864; x_wconf 87' lang='lat' dir='ltr'>reliquos</span> <span class='ocrx_word' id='word_1_87' title='bbox 1265 817 1404 864; x_wconf 88' lang='lat' dir='ltr'>spem</span> <span class='ocrx_word' id='word_1_88' title='bbox 1441 802 1831 852; x_wconf 83' lang='lat' dir='ltr'>immortalitatis</span> <span class='ocrx_word' id='word_1_89' title='bbox 1857 805 1944 852; x_wconf 87' lang='lat' dir='ltr'>ad-</span> 
     </span>
     <span class='ocr_line' id='line_1_11' title="bbox 262 866 1944 929; baseline 0.004 -17"><span class='ocrx_word' id='word_1_90' title='bbox 262 866 405 915; x_wconf 84' lang='lat' dir='ltr'>ferre.</span> <span class='ocrx_word' id='word_1_91' title='bbox 479 866 733 929; x_wconf 85' lang='lat' dir='ltr'>Quidquid</span> <span class='ocrx_word' id='word_1_92' title='bbox 762 866 842 926; x_wconf 88' lang='lat' dir='ltr'>sit,</span> <span class='ocrx_word' id='word_1_93' title='bbox 868 876 1082 914; x_wconf 84' lang='lat' dir='ltr'>mortem</span> <span class='ocrx_word' id='word_1_94' title='bbox 1111 882 1212 914; x_wconf 89' lang='lat' dir='ltr'>non</span> <span class='ocrx_word' id='word_1_95' title='bbox 1239 882 1347 915; x_wconf 85' lang='lat' dir='ltr'>esse</span> <span class='ocrx_word' id='word_1_96' title='bbox 1372 867 1576 916; x_wconf 88' lang='lat' dir='ltr'>malum.</span> <span class='ocrx_word' id='word_1_97' title='bbox 1649 869 1784 918; x_wconf 83' lang='lat' dir='ltr'>Nam</span> <span class='ocrx_word' id='word_1_98' title='bbox 1805 871 1847 918; x_wconf 92' lang='lat' dir='ltr'>si</span> <span class='ocrx_word' id='word_1_99' title='bbox 1869 870 1944 918; x_wconf 90' lang='lat' dir='ltr'>in-</span> 
     </span>
     <span class='ocr_line' id='line_1_12' title="bbox 238 932 1936 998; baseline 0.003 -20"><span class='ocrx_word' id='word_1_100' title='bbox 238 940 421 998; x_wconf 65' lang='lat' dir='ltr'>⁸tei-cat</span> <span class='ocrx_word' id='word_1_101' title='bbox 448 932 660 992; x_wconf 88' lang='lat' dir='ltr'>animus,</span> <span class='ocrx_word' id='word_1_102' title='bbox 690 946 790 980; x_wconf 89' lang='lat' dir='ltr'>non</span> <span class='ocrx_word' id='word_1_103' title='bbox 818 946 926 980; x_wconf 88' lang='lat' dir='ltr'>esse</span> <span class='ocrx_word' id='word_1_104' title='bbox 952 933 1217 980; x_wconf 88' lang='lat' dir='ltr'>miserum:</span> <span class='ocrx_word' id='word_1_105' title='bbox 1259 933 1335 980; x_wconf 90' lang='lat' dir='ltr'>sin</span> <span class='ocrx_word' id='word_1_106' title='bbox 1363 942 1608 996; x_wconf 89' lang='lat' dir='ltr'>superstes</span> <span class='ocrx_word' id='word_1_107' title='bbox 1635 934 1700 982; x_wconf 87' lang='lat' dir='ltr'>sit</span> <span class='ocrx_word' id='word_1_108' title='bbox 1727 937 1936 998; x_wconf 85' lang='lat' dir='ltr'>corpori,</span> 
     </span>
     <span class='ocr_line' id='line_1_13' title="bbox 263 997 1944 1059; baseline 0.004 -17"><span class='ocrx_word' id='word_1_109' title='bbox 263 997 463 1044; x_wconf 83' lang='lat' dir='ltr'>beatum</span> <span class='ocrx_word' id='word_1_110' title='bbox 504 1012 627 1058; x_wconf 88' lang='lat' dir='ltr'>esse,</span> <span class='ocrx_word' id='word_1_111' title='bbox 655 1012 761 1059; x_wconf 86' lang='lat' dir='ltr'>cap.</span> <span class='ocrx_word' id='word_1_112' title='bbox 794 1001 866 1044; x_wconf 90' lang='lat' dir='ltr'>ll.</span> <span class='ocrx_word' id='word_1_113' title='bbox 937 997 1376 1046; x_wconf 79' lang='lat' dir='ltr'>Immortalitatem</span> <span class='ocrx_word' id='word_1_114' title='bbox 1419 1007 1586 1047; x_wconf 86' lang='lat' dir='ltr'>autem</span> <span class='ocrx_word' id='word_1_115' title='bbox 1631 1001 1786 1048; x_wconf 85' lang='lat' dir='ltr'>animi</span> <span class='ocrx_word' id='word_1_116' title='bbox 1827 1016 1944 1049; x_wconf 91' lang='lat' dir='ltr'>con-</span> 
     </span>
     <span class='ocr_line' id='line_1_14' title="bbox 262 1061 1934 1129; baseline 0.004 -22"><span class='ocrx_word' id='word_1_117' title='bbox 262 1061 449 1108; x_wconf 82' lang='lat' dir='ltr'>firmari</span> <span class='ocrx_word' id='word_1_118' title='bbox 476 1062 693 1124; x_wconf 88' lang='lat' dir='ltr'>primum</span> <span class='ocrx_word' id='word_1_119' title='bbox 712 1062 963 1110; x_wconf 88' lang='lat' dir='ltr'>communi</span> <span class='ocrx_word' id='word_1_120' title='bbox 982 1063 1144 1110; x_wconf 88' lang='lat' dir='ltr'>omnis</span> <span class='ocrx_word' id='word_1_121' title='bbox 1169 1063 1479 1126; x_wconf 81' lang='lat' dir='ltr'>antiquitatis</span> <span class='ocrx_word' id='word_1_122' title='bbox 1495 1065 1804 1125; x_wconf 87' lang='lat' dir='ltr'>auctoritate,</span> <span class='ocrx_word' id='word_1_123' title='bbox 1829 1081 1934 1129; x_wconf 85' lang='lat' dir='ltr'>cap.</span> 
     </span>
     <span class='ocr_line' id='line_1_15' title="bbox 268 1127 1943 1187; baseline 0.004 -14"><span class='ocrx_word' id='word_1_124' title='bbox 268 1131 343 1187; x_wconf 79' lang='lat'>12,</span> <span class='ocrx_word' id='word_1_125' title='bbox 381 1129 456 1186; x_wconf 89' lang='grc'>13,</span> <span class='ocrx_word' id='word_1_126' title='bbox 487 1127 666 1175; x_wconf 89' lang='lat' dir='ltr'>deinde</span> <span class='ocrx_word' id='word_1_127' title='bbox 705 1129 874 1175; x_wconf 87' lang='lat' dir='ltr'>nativa</span> <span class='ocrx_word' id='word_1_128' title='bbox 922 1128 1010 1175; x_wconf 92' lang='lat' dir='ltr'>illa</span> <span class='ocrx_word' id='word_1_129' title='bbox 1048 1128 1277 1177; x_wconf 86' lang='lat' dir='ltr'>omnium</span> <span class='ocrx_word' id='word_1_130' title='bbox 1321 1129 1579 1178; x_wconf 86' lang='lat' dir='ltr'>hominum</span> <span class='ocrx_word' id='word_1_131' title='bbox 1619 1145 1740 1178; x_wconf 86' lang='lat' dir='ltr'>cura</span> <span class='ocrx_word' id='word_1_132' title='bbox 1777 1145 1943 1179; x_wconf 86' lang='lat' dir='ltr'>rerum</span> 
     </span>
     <span class='ocr_line' id='line_1_16' title="bbox 260 1193 1944 1257; baseline 0.002 -17"><span class='ocrx_word' id='word_1_133' title='bbox 260 1201 373 1255; x_wconf 89' lang='lat' dir='ltr'>post</span> <span class='ocrx_word' id='word_1_134' title='bbox 401 1205 615 1241; x_wconf 88' lang='lat' dir='ltr'>mortem</span> <span class='ocrx_word' id='word_1_135' title='bbox 644 1193 937 1254; x_wconf 82' lang='lat' dir='ltr'>futurarum,</span> <span class='ocrx_word' id='word_1_136' title='bbox 960 1209 1066 1256; x_wconf 84' lang='lat' dir='ltr'>cap.</span> <span class='ocrx_word' id='word_1_137' title='bbox 1091 1195 1152 1241; x_wconf 83' lang='lat'>14</span> <span class='ocrx_word' id='word_1_138' title='bbox 1173 1208 1267 1257; x_wconf 91' lang='lat' dir='ltr'>sq.‚</span> <span class='ocrx_word' id='word_1_139' title='bbox 1291 1203 1398 1242; x_wconf 88' lang='lat' dir='ltr'>tum</span> <span class='ocrx_word' id='word_1_140' title='bbox 1415 1210 1658 1244; x_wconf 87' lang='lat' dir='ltr'>consensu</span> <span class='ocrx_word' id='word_1_141' title='bbox 1684 1197 1944 1244; x_wconf 87' lang='lat' dir='ltr'>nationum</span> 
     </span>
     <span class='ocr_line' id='line_1_17' title="bbox 260 1258 1935 1322; baseline 0.003 -17"><span class='ocrx_word' id='word_1_142' title='bbox 260 1258 499 1319; x_wconf 87' lang='lat' dir='ltr'>omnium,</span> <span class='ocrx_word' id='word_1_143' title='bbox 524 1273 630 1320; x_wconf 91' lang='lat' dir='ltr'>cap.</span> <span class='ocrx_word' id='word_1_144' title='bbox 654 1261 732 1317; x_wconf 85' lang='lat'>16,</span> <span class='ocrx_word' id='word_1_145' title='bbox 762 1273 908 1321; x_wconf 86' lang='lat' dir='ltr'>porro</span> <span class='ocrx_word' id='word_1_146' title='bbox 949 1269 1128 1308; x_wconf 87' lang='lat' dir='ltr'>natura</span> <span class='ocrx_word' id='word_1_147' title='bbox 1166 1260 1451 1308; x_wconf 87' lang='lat' dir='ltr'>animorum</span> <span class='ocrx_word' id='word_1_148' title='bbox 1483 1261 1560 1310; x_wconf 86' lang='lat' dir='ltr'>vel</span> <span class='ocrx_word' id='word_1_149' title='bbox 1591 1261 1811 1322; x_wconf 86' lang='lat' dir='ltr'>animali,</span> <span class='ocrx_word' id='word_1_150' title='bbox 1835 1263 1866 1310; x_wconf 90' lang='lat' dir='ltr'>i.</span> <span class='ocrx_word' id='word_1_151' title='bbox 1891 1277 1935 1310; x_wconf 92' lang='lat' dir='ltr'>e.</span> 
     </span>
     <span class='ocr_line' id='line_1_18' title="bbox 260 1323 1945 1390; baseline 0.002 -20"><span class='ocrx_word' id='word_1_152' title='bbox 260 1323 497 1385; x_wconf 80' lang='lat' dir='ltr'>spimbili,</span> <span class='ocrx_word' id='word_1_153' title='bbox 524 1324 602 1372; x_wconf 81' lang='lat' dir='ltr'>vel</span> <span class='ocrx_word' id='word_1_154' title='bbox 642 1324 805 1384; x_wconf 82' lang='lat' dir='ltr'>ignea,</span> <span class='ocrx_word' id='word_1_155' title='bbox 842 1339 957 1386; x_wconf 88' lang='lat' dir='ltr'>qua,</span> <span class='ocrx_word' id='word_1_156' title='bbox 990 1340 1106 1372; x_wconf 88' lang='lat' dir='ltr'>cum</span> <span class='ocrx_word' id='word_1_157' title='bbox 1147 1340 1351 1387; x_wconf 85' lang='lat' dir='ltr'>corpore</span> <span class='ocrx_word' id='word_1_158' title='bbox 1391 1326 1710 1387; x_wconf 86' lang='lat' dir='ltr'>excesserint,</span> <span class='ocrx_word' id='word_1_159' title='bbox 1743 1336 1945 1390; x_wconf 88' lang='lat' dir='ltr'>propter</span> 
     </span>
     <span class='ocr_line' id='line_1_19' title="bbox 260 1389 1942 1455; baseline 0.003 -19"><span class='ocrx_word' id='word_1_160' title='bbox 260 1389 538 1448; x_wconf 78' lang='lat' dir='ltr'>agilitatem</span> <span class='ocrx_word' id='word_1_161' title='bbox 597 1389 650 1436; x_wconf 91' lang='lat' dir='ltr'>in</span> <span class='ocrx_word' id='word_1_162' title='bbox 709 1390 917 1437; x_wconf 87' lang='lat' dir='ltr'>sublime</span> <span class='ocrx_word' id='word_1_163' title='bbox 974 1391 1212 1451; x_wconf 86' lang='lat' dir='ltr'>ferantur,</span> <span class='ocrx_word' id='word_1_164' title='bbox 1247 1407 1355 1454; x_wconf 89' lang='lat' dir='ltr'>cap.</span> <span class='ocrx_word' id='word_1_165' title='bbox 1383 1393 1459 1450; x_wconf 86' lang='lat'>17,</span> <span class='ocrx_word' id='word_1_166' title='bbox 1493 1390 1673 1440; x_wconf 89' lang='lat' dir='ltr'>divinis</span> <span class='ocrx_word' id='word_1_167' title='bbox 1727 1393 1942 1455; x_wconf 89' lang='lat' dir='ltr'>denique</span> 
     </span>
     <span class='ocr_line' id='line_1_20' title="bbox 259 1455 1942 1518; baseline 0.002 -16"><span class='ocrx_word' id='word_1_168' title='bbox 259 1455 421 1512; x_wconf 61' lang='lat' dir='ltr'>reboat,</span> <span class='ocrx_word' id='word_1_169' title='bbox 450 1455 649 1517; x_wconf 86' lang='lat' dir='ltr'>quaein</span> <span class='ocrx_word' id='word_1_170' title='bbox 678 1455 847 1503; x_wconf 66' lang='lat' dir='ltr'>antimo</span> <span class='ocrx_word' id='word_1_171' title='bbox 874 1455 1044 1516; x_wconf 87' lang='lat' dir='ltr'>insint,</span> <span class='ocrx_word' id='word_1_172' title='bbox 1072 1471 1202 1518; x_wconf 86' lang='lat' dir='ltr'>quae</span> <span class='ocrx_word' id='word_1_173' title='bbox 1229 1470 1320 1504; x_wconf 92' lang='lat' dir='ltr'>nec</span> <span class='ocrx_word' id='word_1_174' title='bbox 1348 1473 1379 1504; x_wconf 85' lang='lat' dir='ltr'>a</span> <span class='ocrx_word' id='word_1_175' title='bbox 1405 1471 1609 1518; x_wconf 78' lang='lat' dir='ltr'>corpore</span> <span class='ocrx_word' id='word_1_176' title='bbox 1637 1457 1752 1505; x_wconf 84' lang='lat' dir='ltr'>oriri</span> <span class='ocrx_word' id='word_1_177' title='bbox 1777 1459 1942 1506; x_wconf 89' lang='lat' dir='ltr'>necin</span> 
     </span>
     <span class='ocr_line' id='line_1_21' title="bbox 259 1521 1942 1585; baseline 0.002 -17"><span class='ocrx_word' id='word_1_178' title='bbox 259 1529 391 1568; x_wconf 83' lang='lat' dir='ltr'>terra</span> <span class='ocrx_word' id='word_1_179' title='bbox 439 1530 586 1568; x_wconf 84' lang='lat' dir='ltr'>natae</span> <span class='ocrx_word' id='word_1_180' title='bbox 626 1536 734 1569; x_wconf 91' lang='lat' dir='ltr'>esse</span> <span class='ocrx_word' id='word_1_181' title='bbox 766 1521 969 1583; x_wconf 90' lang='lat' dir='ltr'>possint,</span> <span class='ocrx_word' id='word_1_182' title='bbox 998 1535 1105 1584; x_wconf 86' lang='lat' dir='ltr'>cap.</span> <span class='ocrx_word' id='word_1_183' title='bbox 1137 1522 1314 1574; x_wconf 81' lang='lat'><strong>24-27.</strong></span> <span class='ocrx_word' id='word_1_184' title='bbox 1388 1522 1533 1581; x_wconf 85' lang='lat' dir='ltr'>Quod</span> <span class='ocrx_word' id='word_1_185' title='bbox 1579 1532 1746 1570; x_wconf 88' lang='lat' dir='ltr'>autem</span> <span class='ocrx_word' id='word_1_186' title='bbox 1780 1523 1942 1585; x_wconf 81' lang='lat' dir='ltr'>primo</span> 
     </span>
     <span class='ocr_line' id='line_1_22' title="bbox 256 1587 1942 1650; baseline 0.002 -17"><span class='ocrx_word' id='word_1_187' title='bbox 256 1594 519 1648; x_wconf 84' lang='lat' dir='ltr'>propterea</span> <span class='ocrx_word' id='word_1_188' title='bbox 541 1587 742 1649; x_wconf 79' lang='lat' dir='ltr'>quidam</span> <span class='ocrx_word' id='word_1_189' title='bbox 767 1587 990 1634; x_wconf 82' lang='lat' dir='ltr'>animum</span> <span class='ocrx_word' id='word_1_190' title='bbox 1013 1601 1045 1634; x_wconf 86' lang='lat' dir='ltr'>a</span> <span class='ocrx_word' id='word_1_191' title='bbox 1066 1601 1272 1649; x_wconf 88' lang='lat' dir='ltr'>corpore</span> <span class='ocrx_word' id='word_1_192' title='bbox 1291 1587 1563 1635; x_wconf 88' lang='lat' dir='ltr'>discretum</span> <span class='ocrx_word' id='word_1_193' title='bbox 1588 1597 1784 1648; x_wconf 90' lang='lat' dir='ltr'>negent,</span> <span class='ocrx_word' id='word_1_194' title='bbox 1809 1589 1942 1650; x_wconf 90' lang='lat' dir='ltr'>quod</span> 
     </span>
     <span class='ocr_line' id='line_1_23' title="bbox 255 1651 1942 1717; baseline 0.003 -19"><span class='ocrx_word' id='word_1_195' title='bbox 255 1651 340 1698; x_wconf 92' lang='lat' dir='ltr'>ubi</span> <span class='ocrx_word' id='word_1_196' title='bbox 368 1652 432 1699; x_wconf 87' lang='lat' dir='ltr'>sit</span> <span class='ocrx_word' id='word_1_197' title='bbox 462 1662 549 1699; x_wconf 87' lang='lat' dir='ltr'>aut</span> <span class='ocrx_word' id='word_1_198' title='bbox 576 1653 735 1715; x_wconf 85' lang='lat' dir='ltr'>qualis</span> <span class='ocrx_word' id='word_1_199' title='bbox 768 1654 831 1700; x_wconf 88' lang='lat' dir='ltr'>sit</span> <span class='ocrx_word' id='word_1_200' title='bbox 857 1669 958 1700; x_wconf 90' lang='lat' dir='ltr'>non</span> <span class='ocrx_word' id='word_1_201' title='bbox 985 1653 1296 1713; x_wconf 86' lang='lat' dir='ltr'>intellegant,</span> <span class='ocrx_word' id='word_1_202' title='bbox 1321 1654 1372 1702; x_wconf 88' lang='lat' dir='ltr'>id</span> <span class='ocrx_word' id='word_1_203' title='bbox 1401 1669 1509 1702; x_wconf 89' lang='lat' dir='ltr'>esse</span> <span class='ocrx_word' id='word_1_204' title='bbox 1538 1654 1659 1714; x_wconf 80' lang='lat' dir='ltr'>leve,</span> <span class='ocrx_word' id='word_1_205' title='bbox 1685 1655 1820 1717; x_wconf 92' lang='lat' dir='ltr'>quod</span> <span class='ocrx_word' id='word_1_206' title='bbox 1849 1670 1942 1703; x_wconf 90' lang='lat' dir='ltr'>nec</span> 
     </span>
     <span class='ocr_line' id='line_1_24' title="bbox 254 1717 1940 1781; baseline 0.002 -16"><span class='ocrx_word' id='word_1_207' title='bbox 254 1717 425 1765; x_wconf 88' lang='lat' dir='ltr'>oculus</span> <span class='ocrx_word' id='word_1_208' title='bbox 460 1731 513 1764; x_wconf 90' lang='lat' dir='ltr'>se</span> <span class='ocrx_word' id='word_1_209' title='bbox 543 1717 709 1765; x_wconf 86' lang='lat' dir='ltr'>videat</span> <span class='ocrx_word' id='word_1_210' title='bbox 738 1729 788 1765; x_wconf 91' lang='lat' dir='ltr'>et</span> <span class='ocrx_word' id='word_1_211' title='bbox 818 1719 1030 1776; x_wconf 85' lang='lat' dir='ltr'>animus,</span> <span class='ocrx_word' id='word_1_212' title='bbox 1060 1734 1365 1781; x_wconf 84' lang='lat' dir='ltr'>quamquam</span> <span class='ocrx_word' id='word_1_213' title='bbox 1400 1735 1497 1767; x_wconf 89' lang='lat' dir='ltr'>uon</span> <span class='ocrx_word' id='word_1_214' title='bbox 1533 1735 1674 1768; x_wconf 83' lang='lat' dir='ltr'>suam</span> <span class='ocrx_word' id='word_1_215' title='bbox 1707 1720 1940 1780; x_wconf 83' lang='lat' dir='ltr'>formam,</span> 
     </span>
     <span class='ocr_line' id='line_1_25' title="bbox 254 1783 1936 1849; baseline 0.002 -18"><span class='ocrx_word' id='word_1_216' title='bbox 254 1792 425 1831; x_wconf 85' lang='lat' dir='ltr'>tamen</span> <span class='ocrx_word' id='word_1_217' title='bbox 456 1783 797 1843; x_wconf 74' lang='lat' dir='ltr'>sagacitatem,</span> <span class='ocrx_word' id='word_1_218' title='bbox 821 1784 1131 1844; x_wconf 84' lang='lat' dir='ltr'>memoriam,</span> <span class='ocrx_word' id='word_1_219' title='bbox 1154 1784 1408 1845; x_wconf 85' lang='lat' dir='ltr'>ingenium</span> <span class='ocrx_word' id='word_1_220' title='bbox 1443 1801 1589 1834; x_wconf 88' lang='lat' dir='ltr'>suum</span> <span class='ocrx_word' id='word_1_221' title='bbox 1621 1785 1804 1846; x_wconf 86' lang='lat' dir='ltr'>videat,</span> <span class='ocrx_word' id='word_1_222' title='bbox 1828 1802 1936 1849; x_wconf 86' lang='lat' dir='ltr'>cap.</span> 
     </span>
     <span class='ocr_line' id='line_1_26' title="bbox 255 1849 1943 1913; baseline 0.002 -16"><span class='ocrx_word' id='word_1_223' title='bbox 255 1852 334 1909; x_wconf 85' lang='lat'>28,</span> <span class='ocrx_word' id='word_1_224' title='bbox 366 1852 445 1897; x_wconf 82' lang='lat'>29.</span> <span class='ocrx_word' id='word_1_225' title='bbox 531 1849 746 1907; x_wconf 89' lang='lat' dir='ltr'>Deinde,</span> <span class='ocrx_word' id='word_1_226' title='bbox 779 1849 915 1911; x_wconf 91' lang='lat' dir='ltr'>quod</span> <span class='ocrx_word' id='word_1_227' title='bbox 947 1858 1132 1911; x_wconf 88' lang='lat' dir='ltr'>negent</span> <span class='ocrx_word' id='word_1_228' title='bbox 1170 1850 1394 1898; x_wconf 88' lang='lat' dir='ltr'>animum</span> <span class='ocrx_word' id='word_1_229' title='bbox 1435 1860 1697 1899; x_wconf 76' lang='lat' dir='ltr'>vacantem</span> <span class='ocrx_word' id='word_1_230' title='bbox 1737 1866 1943 1913; x_wconf 87' lang='lat' dir='ltr'>corpore</span> 
     </span>
     <span class='ocr_line' id='line_1_27' title="bbox 253 1915 1943 1979; baseline 0.002 -17"><span class='ocrx_word' id='word_1_231' title='bbox 253 1929 360 1963; x_wconf 88' lang='lat' dir='ltr'>esse</span> <span class='ocrx_word' id='word_1_232' title='bbox 381 1929 542 1977; x_wconf 88' lang='lat' dir='ltr'>posse,</span> <span class='ocrx_word' id='word_1_233' title='bbox 562 1915 695 1977; x_wconf 89' lang='lat' dir='ltr'>quod</span> <span class='ocrx_word' id='word_1_234' title='bbox 723 1923 773 1962; x_wconf 92' lang='lat' dir='ltr'>et</span> <span class='ocrx_word' id='word_1_235' title='bbox 795 1915 954 1977; x_wconf 87' lang='lat' dir='ltr'>qualis</span> <span class='ocrx_word' id='word_1_236' title='bbox 982 1916 1087 1963; x_wconf 89' lang='lat' dir='ltr'>eius</span> <span class='ocrx_word' id='word_1_237' title='bbox 1110 1916 1248 1963; x_wconf 91' lang='lat' dir='ltr'>modi</span> <span class='ocrx_word' id='word_1_238' title='bbox 1275 1915 1472 1963; x_wconf 83' lang='lat' dir='ltr'>animus</span> <span class='ocrx_word' id='word_1_239' title='bbox 1500 1917 1564 1964; x_wconf 89' lang='lat' dir='ltr'>sit</span> <span class='ocrx_word' id='word_1_240' title='bbox 1592 1925 1643 1964; x_wconf 89' lang='lat' dir='ltr'>et</span> <span class='ocrx_word' id='word_1_241' title='bbox 1667 1931 1765 1979; x_wconf 90' lang='lat' dir='ltr'>quo</span> <span class='ocrx_word' id='word_1_242' title='bbox 1791 1916 1943 1965; x_wconf 91' lang='lat' dir='ltr'>modo</span> 
     </span>
     <span class='ocr_line' id='line_1_28' title="bbox 252 1980 1942 2045; baseline 0.002 -18"><span class='ocrx_word' id='word_1_243' title='bbox 252 1980 407 2041; x_wconf 87' lang='lat' dir='ltr'>possit</span> <span class='ocrx_word' id='word_1_244' title='bbox 435 1996 609 2029; x_wconf 83' lang='lat' dir='ltr'>vacare</span> <span class='ocrx_word' id='word_1_245' title='bbox 640 1995 846 2043; x_wconf 83' lang='lat' dir='ltr'>corpore</span> <span class='ocrx_word' id='word_1_246' title='bbox 876 1996 975 2027; x_wconf 91' lang='lat' dir='ltr'>non</span> <span class='ocrx_word' id='word_1_247' title='bbox 1006 1981 1389 2042; x_wconf 87' lang='lat' dir='ltr'>intellegant,ne</span> <span class='ocrx_word' id='word_1_248' title='bbox 1420 1981 1468 2028; x_wconf 90' lang='lat' dir='ltr'>in</span> <span class='ocrx_word' id='word_1_249' title='bbox 1501 1997 1706 2043; x_wconf 84' lang='lat' dir='ltr'>corpore</span> <span class='ocrx_word' id='word_1_250' title='bbox 1739 1982 1942 2045; x_wconf 90' lang='lat' dir='ltr'>quidem</span> 
     </span>
     <span class='ocr_line' id='line_1_29' title="bbox 252 2044 1941 2109; baseline 0.002 -17"><span class='ocrx_word' id='word_1_251' title='bbox 252 2044 415 2107; x_wconf 88' lang='lat' dir='ltr'>qualis</span> <span class='ocrx_word' id='word_1_252' title='bbox 457 2046 521 2093; x_wconf 88' lang='lat' dir='ltr'>sit</span> <span class='ocrx_word' id='word_1_253' title='bbox 553 2046 774 2107; x_wconf 84' lang='lat' dir='ltr'>intellegi</span> <span class='ocrx_word' id='word_1_254' title='bbox 808 2046 1153 2109; x_wconf 88' lang='lat' dir='ltr'>difficiliusque</span> <span class='ocrx_word' id='word_1_255' title='bbox 1186 2061 1294 2095; x_wconf 89' lang='lat' dir='ltr'>esse</span> <span class='ocrx_word' id='word_1_256' title='bbox 1331 2046 1532 2107; x_wconf 88' lang='lat' dir='ltr'>cognitu</span> <span class='ocrx_word' id='word_1_257' title='bbox 1569 2062 1668 2109; x_wconf 90' lang='lat' dir='ltr'>quo</span> <span class='ocrx_word' id='word_1_258' title='bbox 1703 2048 1853 2096; x_wconf 90' lang='lat' dir='ltr'>modo</span> <span class='ocrx_word' id='word_1_259' title='bbox 1889 2047 1941 2095; x_wconf 86' lang='lat' dir='ltr'>in</span> 
     </span>
     <span class='ocr_line' id='line_1_30' title="bbox 250 2109 1938 2173; baseline -0.002 -13"><span class='ocrx_word' id='word_1_260' title='bbox 250 2112 415 2161; x_wconf 83' lang='lat' dir='ltr'>alieno</span> <span class='ocrx_word' id='word_1_261' title='bbox 452 2122 505 2160; x_wconf 87' lang='lat' dir='ltr'>et</span> <span class='ocrx_word' id='word_1_262' title='bbox 550 2111 770 2159; x_wconf 88' lang='lat' dir='ltr'>diversae</span> <span class='ocrx_word' id='word_1_263' title='bbox 813 2120 1022 2159; x_wconf 86' lang='lat' dir='ltr'>naturae</span> <span class='ocrx_word' id='word_1_264' title='bbox 1066 2125 1272 2173; x_wconf 82' lang='lat' dir='ltr'>corpore</span> <span class='ocrx_word' id='word_1_265' title='bbox 1316 2124 1424 2158; x_wconf 90' lang='lat' dir='ltr'>esse</span> <span class='ocrx_word' id='word_1_266' title='bbox 1469 2125 1620 2173; x_wconf 86' lang='lat' dir='ltr'>quam</span> <span class='ocrx_word' id='word_1_267' title='bbox 1655 2124 1753 2172; x_wconf 90' lang='lat' dir='ltr'>quo</span> <span class='ocrx_word' id='word_1_268' title='bbox 1787 2109 1938 2157; x_wconf 88' lang='lat' dir='ltr'>modo</span> 
     </span>
     <span class='ocr_line' id='line_1_31' title="bbox 252 2174 1974 2287; baseline -0.001 -63"><span class='ocrx_word' id='word_1_269' title='bbox 252 2193 429 2226; x_wconf 84' lang='lat' dir='ltr'>vacare</span> <span class='ocrx_word' id='word_1_270' title='bbox 456 2192 672 2239; x_wconf 85' lang='lat' dir='ltr'>corpore·</span> <span class='ocrx_word' id='word_1_271' title='bbox 702 2176 873 2239; x_wconf 87' lang='lat' dir='ltr'>possit,</span> <span class='ocrx_word' id='word_1_272' title='bbox 902 2191 1012 2238; x_wconf 87' lang='lat' dir='ltr'>cap.</span> <span class='ocrx_word' id='word_1_273' title='bbox 1038 2178 1115 2223; x_wconf 82' lang='lat'>22.</span> <span class='ocrx_word' id='word_1_274' title='bbox 1191 2174 1385 2224; x_wconf 90' lang='lat' dir='ltr'>Stoicos</span> <span class='ocrx_word' id='word_1_275' title='bbox 1416 2184 1588 2223; x_wconf 84' lang='lat' dir='ltr'>autem</span> <span class='ocrx_word' id='word_1_276' title='bbox 1622 2190 1728 2223; x_wconf 88' lang='lat' dir='ltr'>esse</span> <span class='ocrx_word' id='word_1_277' title='bbox 1763 2174 1974 2287; x_wconf 53' lang='lat' dir='ltr'>pteg&gt;</span> 
     </span>
     <span class='ocr_line' id='line_1_32' title="bbox 252 2241 1938 2305; baseline -0.002 -14"><span class='ocrx_word' id='word_1_278' title='bbox 252 2243 442 2303; x_wconf 83' lang='lat' dir='ltr'>surdos,</span> <span class='ocrx_word' id='word_1_279' title='bbox 472 2243 558 2305; x_wconf 90' lang='lat' dir='ltr'>qui</span> <span class='ocrx_word' id='word_1_280' title='bbox 587 2242 781 2290; x_wconf 89' lang='lat' dir='ltr'>animos</span> <span class='ocrx_word' id='word_1_281' title='bbox 813 2256 1016 2289; x_wconf 85' lang='lat' dir='ltr'>manere</span> <span class='ocrx_word' id='word_1_282' title='bbox 1046 2241 1231 2300; x_wconf 88' lang='lat' dir='ltr'>dicant,</span> <span class='ocrx_word' id='word_1_283' title='bbox 1260 2256 1375 2288; x_wconf 91' lang='lat' dir='ltr'>cum</span> <span class='ocrx_word' id='word_1_284' title='bbox 1411 2255 1439 2289; x_wconf 92' lang='lat' dir='ltr'>e</span> <span class='ocrx_word' id='word_1_285' title='bbox 1472 2255 1674 2301; x_wconf 83' lang='lat' dir='ltr'>corpore</span> <span class='ocrx_word' id='word_1_286' title='bbox 1709 2254 1884 2287; x_wconf 85' lang='lat' dir='ltr'>excess</span> <span class='ocrx_word' id='word_1_287' title='bbox 1916 2267 1938 2275; x_wconf 95' lang='lat'>-</span> 
     </span>
     <span class='ocr_line' id='line_1_33' title="bbox 250 2304 1936 2370; baseline -0.004 -13"><span class='ocrx_word' id='word_1_288' title='bbox 250 2310 367 2370; x_wconf 85' lang='lat' dir='ltr'>rint,</span> <span class='ocrx_word' id='word_1_289' title='bbox 396 2309 483 2357; x_wconf 85' lang='lat' dir='ltr'>sed</span> <span class='ocrx_word' id='word_1_290' title='bbox 524 2324 625 2356; x_wconf 87' lang='lat' dir='ltr'>non</span> <span class='ocrx_word' id='word_1_291' title='bbox 664 2322 870 2369; x_wconf 83' lang='lat' dir='ltr'>semper,</span> <span class='ocrx_word' id='word_1_292' title='bbox 901 2307 1037 2370; x_wconf 87' lang='lat' dir='ltr'>quod</span> <span class='ocrx_word' id='word_1_293' title='bbox 1077 2306 1198 2354; x_wconf 88' lang='lat' dir='ltr'>dent</span> <span class='ocrx_word' id='word_1_294' title='bbox 1237 2306 1304 2366; x_wconf 90' lang='lat' dir='ltr'>id,</span> <span class='ocrx_word' id='word_1_295' title='bbox 1336 2306 1470 2368; x_wconf 87' lang='lat' dir='ltr'>quod</span> <span class='ocrx_word' id='word_1_296' title='bbox 1504 2304 1850 2353; x_wconf 86' lang='lat' dir='ltr'>difficillimum</span> <span class='ocrx_word' id='word_1_297' title='bbox 1883 2304 1936 2351; x_wconf 88' lang='lat' dir='ltr'>in</span> 
     </span>
     <span class='ocr_line' id='line_1_34' title="bbox 200 2370 1937 2436; baseline -0.004 -13"><span class='ocrx_word' id='word_1_298' title='bbox 200 2380 217 2395; x_wconf 85' lang='grc'><em>“</em></span> <span class='ocrx_word' id='word_1_299' title='bbox 252 2391 401 2423; x_wconf 80' lang='lat' dir='ltr'>causa</span> <span class='ocrx_word' id='word_1_300' title='bbox 433 2376 512 2433; x_wconf 91' lang='lat' dir='ltr'>sit,</span> <span class='ocrx_word' id='word_1_301' title='bbox 540 2389 685 2436; x_wconf 87' lang='lat' dir='ltr'>posse</span> <span class='ocrx_word' id='word_1_302' title='bbox 717 2373 939 2421; x_wconf 85' lang='lat' dir='ltr'>animum</span> <span class='ocrx_word' id='word_1_303' title='bbox 976 2386 1178 2420; x_wconf 87' lang='lat' dir='ltr'>manere</span> <span class='ocrx_word' id='word_1_304' title='bbox 1212 2386 1419 2433; x_wconf 88' lang='lat' dir='ltr'>corpore</span> <span class='ocrx_word' id='word_1_305' title='bbox 1452 2381 1727 2429; x_wconf 83' lang='lat' dir='ltr'>vacantem,</span> <span class='ocrx_word' id='word_1_306' title='bbox 1760 2370 1937 2417; x_wconf 81' lang='lat' dir='ltr'>tollant</span> 
     </span>
     <span class='ocr_line' id='line_1_35' title="bbox 251 2436 1938 2503; baseline -0.004 -16"><span class='ocrx_word' id='word_1_307' title='bbox 251 2440 319 2500; x_wconf 92' lang='lat' dir='ltr'>id,</span> <span class='ocrx_word' id='word_1_308' title='bbox 347 2440 479 2503; x_wconf 89' lang='lat' dir='ltr'>quod</span> <span class='ocrx_word' id='word_1_309' title='bbox 523 2440 668 2487; x_wconf 87' lang='lat' dir='ltr'>facile</span> <span class='ocrx_word' id='word_1_310' title='bbox 702 2441 781 2497; x_wconf 88' lang='lat' dir='ltr'>sit,</span> <span class='ocrx_word' id='word_1_311' title='bbox 810 2452 1004 2499; x_wconf 86' lang='lat' dir='ltr'>semper</span> <span class='ocrx_word' id='word_1_312' title='bbox 1046 2452 1163 2485; x_wconf 87' lang='lat' dir='ltr'>eum</span> <span class='ocrx_word' id='word_1_313' title='bbox 1220 2451 1438 2496; x_wconf 86' lang='lat' dir='ltr'>manere,</span> <span class='ocrx_word' id='word_1_314' title='bbox 1467 2451 1574 2497; x_wconf 89' lang='lat' dir='ltr'>cap.</span> <span class='ocrx_word' id='word_1_315' title='bbox 1605 2438 1684 2483; x_wconf 81' lang='lat'>32.</span> <span class='ocrx_word' id='word_1_316' title='bbox 1759 2436 1938 2496; x_wconf 87' lang='lat' dir='ltr'>Neque</span> 
     </span>
     <span class='ocr_line' id='line_1_36' title="bbox 253 2500 1932 2565; baseline -0.004 -13"><span class='ocrx_word' id='word_1_317' title='bbox 253 2505 479 2553; x_wconf 77' lang='lat' dir='ltr'>Panaetii</span> <span class='ocrx_word' id='word_1_318' title='bbox 498 2506 742 2552; x_wconf 84' lang='lat' dir='ltr'>rationem</span> <span class='ocrx_word' id='word_1_319' title='bbox 762 2504 1005 2565; x_wconf 82' lang='lat' dir='ltr'>duplicem</span> <span class='ocrx_word' id='word_1_320' title='bbox 1025 2502 1204 2559; x_wconf 84' lang='lat' dir='ltr'>valere,</span> <span class='ocrx_word' id='word_1_321' title='bbox 1223 2502 1311 2563; x_wconf 92' lang='lat' dir='ltr'>qui</span> <span class='ocrx_word' id='word_1_322' title='bbox 1326 2502 1522 2549; x_wconf 86' lang='lat' dir='ltr'>animos</span> <span class='ocrx_word' id='word_1_323' title='bbox 1543 2500 1780 2548; x_wconf 82' lang='lat' dir='ltr'>mortales</span> <span class='ocrx_word' id='word_1_324' title='bbox 1798 2500 1932 2559; x_wconf 71' lang='lat' dir='ltr'>velit,</span> 
     </span>
     <span class='ocr_line' id='line_1_37' title="bbox 250 2565 1937 2633; baseline -0.004 -16"><span class='ocrx_word' id='word_1_325' title='bbox 250 2572 411 2633; x_wconf 87' lang='lat' dir='ltr'>primo</span> <span class='ocrx_word' id='word_1_326' title='bbox 446 2570 595 2632; x_wconf 92' lang='lat' dir='ltr'>quod,</span> <span class='ocrx_word' id='word_1_327' title='bbox 633 2570 873 2632; x_wconf 86' lang='lat' dir='ltr'>quidquid</span> <span class='ocrx_word' id='word_1_328' title='bbox 906 2577 1154 2628; x_wconf 87' lang='lat' dir='ltr'>nascatur,</span> <span class='ocrx_word' id='word_1_329' title='bbox 1185 2567 1416 2628; x_wconf 86' lang='lat' dir='ltr'>intereat,</span> <span class='ocrx_word' id='word_1_330' title='bbox 1452 2566 1631 2614; x_wconf 88' lang='lat' dir='ltr'>deiude</span> <span class='ocrx_word' id='word_1_331' title='bbox 1663 2565 1797 2628; x_wconf 90' lang='lat' dir='ltr'>quod</span> <span class='ocrx_word' id='word_1_332' title='bbox 1830 2566 1937 2612; x_wconf 86' lang='lat' dir='ltr'>ani-</span> 
     </span>
     <span class='ocr_line' id='line_1_38' title="bbox 252 2630 1937 2697; baseline -0.004 -14"><span class='ocrx_word' id='word_1_333' title='bbox 252 2652 361 2683; x_wconf 81' lang='lat' dir='ltr'>mus</span> <span class='ocrx_word' id='word_1_334' title='bbox 384 2650 532 2697; x_wconf 85' lang='lat' dir='ltr'>saepe</span> <span class='ocrx_word' id='word_1_335' title='bbox 554 2650 701 2694; x_wconf 86' lang='lat' dir='ltr'>aeger</span> <span class='ocrx_word' id='word_1_336' title='bbox 729 2635 823 2682; x_wconf 92' lang='lat' dir='ltr'>sit:</span> <span class='ocrx_word' id='word_1_337' title='bbox 862 2633 998 2695; x_wconf 89' lang='lat' dir='ltr'>quod</span> <span class='ocrx_word' id='word_1_338' title='bbox 1026 2642 1195 2680; x_wconf 89' lang='lat' dir='ltr'>autem</span> <span class='ocrx_word' id='word_1_339' title='bbox 1223 2648 1428 2693; x_wconf 87' lang='lat' dir='ltr'>aegrum</span> <span class='ocrx_word' id='word_1_340' title='bbox 1455 2646 1565 2680; x_wconf 89' lang='lat' dir='ltr'>esse</span> <span class='ocrx_word' id='word_1_341' title='bbox 1591 2631 1763 2694; x_wconf 86' lang='lat' dir='ltr'>possit,</span> <span class='ocrx_word' id='word_1_342' title='bbox 1792 2630 1845 2677; x_wconf 91' lang='lat' dir='ltr'>id</span> <span class='ocrx_word' id='word_1_343' title='bbox 1873 2632 1937 2677; x_wconf 87' lang='lat' dir='ltr'>ab</span> 
     </span>
     <span class='ocr_line' id='line_1_39' title="bbox 250 2695 1935 2750; baseline -0.004 -1"><span class='ocrx_word' id='word_1_344' title='bbox 250 2701 453 2749; x_wconf 81' lang='lat' dir='ltr'>interitu</span> <span class='ocrx_word' id='word_1_345' title='bbox 480 2715 580 2750; x_wconf 87' lang='lat' dir='ltr'>non</span> <span class='ocrx_word' id='word_1_346' title='bbox 608 2714 714 2748; x_wconf 90' lang='lat' dir='ltr'>esse</span> <span class='ocrx_word' id='word_1_347' title='bbox 742 2699 965 2747; x_wconf 89' lang='lat' dir='ltr'>liberum.</span> <span class='ocrx_word' id='word_1_348' title='bbox 1038 2698 1174 2745; x_wconf 87' lang='lat' dir='ltr'>Nam</span> <span class='ocrx_word' id='word_1_349' title='bbox 1202 2712 1313 2745; x_wconf 89' lang='lat' dir='ltr'>cum</span> <span class='ocrx_word' id='word_1_350' title='bbox 1343 2697 1406 2745; x_wconf 89' lang='lat' dir='ltr'>de</span> <span class='ocrx_word' id='word_1_351' title='bbox 1433 2696 1809 2745; x_wconf 84' lang='lat' dir='ltr'>immortalitate</span> <span class='ocrx_word' id='word_1_352' title='bbox 1837 2695 1935 2742; x_wconf 89' lang='lat' dir='ltr'>dis-</span> 
     </span>
     <span class='ocr_line' id='line_1_40' title="bbox 252 2762 1938 2828; baseline -0.003 -15"><span class='ocrx_word' id='word_1_353' title='bbox 252 2775 463 2828; x_wconf 83' lang='lat' dir='ltr'>putetur,</span> <span class='ocrx_word' id='word_1_354' title='bbox 492 2765 557 2813; x_wconf 89' lang='lat' dir='ltr'>de</span> <span class='ocrx_word' id='word_1_355' title='bbox 583 2773 751 2813; x_wconf 91' lang='lat' dir='ltr'>mente</span> <span class='ocrx_word' id='word_1_356' title='bbox 778 2764 894 2823; x_wconf 87' lang='lat' dir='ltr'>dici,</span> <span class='ocrx_word' id='word_1_357' title='bbox 926 2778 1053 2825; x_wconf 85' lang='lat' dir='ltr'>quae</span> <span class='ocrx_word' id='word_1_358' title='bbox 1081 2763 1217 2810; x_wconf 91' lang='lat' dir='ltr'>omni</span> <span class='ocrx_word' id='word_1_359' title='bbox 1253 2762 1452 2811; x_wconf 87' lang='lat' dir='ltr'>turbido</span> <span class='ocrx_word' id='word_1_360' title='bbox 1480 2770 1621 2810; x_wconf 90' lang='lat' dir='ltr'>motu</span> <span class='ocrx_word' id='word_1_361' title='bbox 1647 2770 1808 2820; x_wconf 87' lang='lat' dir='ltr'>vacet,</span> <span class='ocrx_word' id='word_1_362' title='bbox 1837 2776 1938 2809; x_wconf 88' lang='lat' dir='ltr'>non</span> 
     </span>
     <span class='ocr_line' id='line_1_41' title="bbox 250 2827 1929 2893; baseline -0.002 -14"><span class='ocrx_word' id='word_1_363' title='bbox 250 2832 314 2880; x_wconf 90' lang='lat' dir='ltr'>de</span> <span class='ocrx_word' id='word_1_364' title='bbox 341 2832 401 2879; x_wconf 86' lang='lat' dir='ltr'>iis</span> <span class='ocrx_word' id='word_1_365' title='bbox 428 2830 667 2893; x_wconf 86' lang='lat' dir='ltr'>partibus,</span> <span class='ocrx_word' id='word_1_366' title='bbox 697 2844 825 2893; x_wconf 85' lang='lat' dir='ltr'>quae</span> <span class='ocrx_word' id='word_1_367' title='bbox 852 2828 1098 2877; x_wconf 85' lang='lat' dir='ltr'>obnoxiae</span> <span class='ocrx_word' id='word_1_368' title='bbox 1127 2827 1226 2875; x_wconf 88' lang='lat' dir='ltr'>sint</span> <span class='ocrx_word' id='word_1_369' title='bbox 1253 2827 1570 2889; x_wconf 82' lang='lat' dir='ltr'>aegritudini,</span> <span class='ocrx_word' id='word_1_370' title='bbox 1600 2842 1708 2889; x_wconf 86' lang='lat' dir='ltr'>cap.</span> <span class='ocrx_word' id='word_1_371' title='bbox 1738 2828 1819 2887; x_wconf 89' lang='lat'>32,</span> <span class='ocrx_word' id='word_1_372' title='bbox 1849 2828 1929 2875; x_wconf 85' lang='lat'>33.</span> 
     </span>
     <span class='ocr_line' id='line_1_42' title="bbox 250 2896 1938 2957; baseline -0.004 -12"><span class='ocrx_word' id='word_1_373' title='bbox 250 2897 397 2957; x_wconf 83' lang='lat' dir='ltr'>Quod</span> <span class='ocrx_word' id='word_1_374' title='bbox 432 2897 474 2944; x_wconf 92' lang='lat' dir='ltr'>si</span> <span class='ocrx_word' id='word_1_375' title='bbox 508 2896 705 2943; x_wconf 89' lang='lat' dir='ltr'>animus</span> <span class='ocrx_word' id='word_1_376' title='bbox 746 2896 972 2953; x_wconf 87' lang='lat' dir='ltr'>intereat,</span> <span class='ocrx_word' id='word_1_377' title='bbox 1005 2908 1103 2941; x_wconf 89' lang='lat' dir='ltr'>non</span> <span class='ocrx_word' id='word_1_378' title='bbox 1144 2907 1254 2941; x_wconf 86' lang='lat' dir='ltr'>esse</span> <span class='ocrx_word' id='word_1_379' title='bbox 1295 2902 1462 2941; x_wconf 88' lang='lat' dir='ltr'>tamen</span> <span class='ocrx_word' id='word_1_380' title='bbox 1496 2907 1594 2955; x_wconf 86' lang='lat' dir='ltr'>qua</span> <span class='ocrx_word' id='word_1_381' title='bbox 1629 2907 1684 2940; x_wconf 88' lang='lat' dir='ltr'>re</span> <span class='ocrx_word' id='word_1_382' title='bbox 1723 2900 1938 2940; x_wconf 84' lang='lat' dir='ltr'>mortem</span> 
     </span>
     <span class='ocr_line' id='line_1_43' title="bbox 251 2958 1930 3023; baseline -0.005 -12"><span class='ocrx_word' id='word_1_383' title='bbox 251 2964 537 3022; x_wconf 78' lang='lat' dir='ltr'>timeamuS,</span> <span class='ocrx_word' id='word_1_384' title='bbox 555 2977 669 3010; x_wconf 90' lang='lat' dir='ltr'>cum</span> <span class='ocrx_word' id='word_1_385' title='bbox 696 2968 896 3023; x_wconf 83' lang='lat' dir='ltr'>propter</span> <span class='ocrx_word' id='word_1_386' title='bbox 926 2974 1038 3008; x_wconf 86' lang='lat' dir='ltr'>eam</span> <span class='ocrx_word' id='word_1_387' title='bbox 1070 2958 1332 3018; x_wconf 87' lang='lat' dir='ltr'>rationem,</span> <span class='ocrx_word' id='word_1_388' title='bbox 1357 2974 1510 3021; x_wconf 89' lang='lat' dir='ltr'>quam</span> <span class='ocrx_word' id='word_1_389' title='bbox 1542 2972 1691 3019; x_wconf 89' lang='lat' dir='ltr'>supra</span> <span class='ocrx_word' id='word_1_390' title='bbox 1720 2972 1827 3019; x_wconf 86' lang='lat' dir='ltr'>cap.</span> <span class='ocrx_word' id='word_1_391' title='bbox 1853 2959 1930 3017; x_wconf 92' lang='lat' dir='ltr'>ll,</span> 
     </span>
     <span class='ocr_line' id='line_1_44' title="bbox 249 3021 1937 3089; baseline -0.005 -12"><span class='ocrx_word' id='word_1_392' title='bbox 249 3029 488 3086; x_wconf 85' lang='lat' dir='ltr'>attulerit,</span> <span class='ocrx_word' id='word_1_393' title='bbox 520 3036 630 3075; x_wconf 88' lang='lat' dir='ltr'>tum</span> <span class='ocrx_word' id='word_1_394' title='bbox 652 3035 853 3089; x_wconf 88' lang='lat' dir='ltr'>propter</span> <span class='ocrx_word' id='word_1_395' title='bbox 882 3025 1063 3073; x_wconf 88' lang='lat' dir='ltr'>multas</span> <span class='ocrx_word' id='word_1_396' title='bbox 1092 3023 1217 3071; x_wconf 87' lang='lat' dir='ltr'>alias</span> <span class='ocrx_word' id='word_1_397' title='bbox 1244 3039 1434 3073; x_wconf 88' lang='lat' dir='ltr'>causas.</span> <span class='ocrx_word' id='word_1_398' title='bbox 1505 3024 1613 3071; x_wconf 88' lang='lat' dir='ltr'>Nec</span> <span class='ocrx_word' id='word_1_399' title='bbox 1637 3021 1771 3071; x_wconf 91' lang='lat' dir='ltr'>enim</span> <span class='ocrx_word' id='word_1_400' title='bbox 1794 3036 1937 3084; x_wconf 86' lang='lat' dir='ltr'>prop-</span> 
     </span>
     <span class='ocr_line' id='line_1_45' title="bbox 250 3087 1936 3153; baseline -0.005 -11"><span class='ocrx_word' id='word_1_401' title='bbox 250 3104 326 3143; x_wconf 90' lang='lat' dir='ltr'>ter</span> <span class='ocrx_word' id='word_1_402' title='bbox 353 3110 405 3143; x_wconf 91' lang='lat' dir='ltr'>se</span> <span class='ocrx_word' id='word_1_403' title='bbox 434 3094 598 3142; x_wconf 87' lang='lat' dir='ltr'>timeri</span> <span class='ocrx_word' id='word_1_404' title='bbox 627 3101 854 3149; x_wconf 88' lang='lat' dir='ltr'>mortem,</span> <span class='ocrx_word' id='word_1_405' title='bbox 884 3104 1013 3153; x_wconf 87' lang='lat' dir='ltr'>quae</span> <span class='ocrx_word' id='word_1_406' title='bbox 1046 3089 1340 3152; x_wconf 90' lang='lat' dir='ltr'>plerumque</span> <span class='ocrx_word' id='word_1_407' title='bbox 1375 3090 1481 3136; x_wconf 86' lang='lat' dir='ltr'>sine</span> <span class='ocrx_word' id='word_1_408' title='bbox 1516 3103 1664 3137; x_wconf 90' lang='lat' dir='ltr'>sensu</span> <span class='ocrx_word' id='word_1_409' title='bbox 1697 3087 1804 3148; x_wconf 83' lang='lat' dir='ltr'>fiat,</span> <span class='ocrx_word' id='word_1_410' title='bbox 1833 3102 1936 3135; x_wconf 88' lang='lat' dir='ltr'>non</span> 
     </span>
     <span class='ocr_line' id='line_1_46' title="bbox 250 3152 1936 3223; baseline -0.005 -15"><span class='ocrx_word' id='word_1_411' title='bbox 250 3174 521 3223; x_wconf 82' lang='lat' dir='ltr'>numquam</span> <span class='ocrx_word' id='word_1_412' title='bbox 555 3158 705 3206; x_wconf 87' lang='lat' dir='ltr'>etiam</span> <span class='ocrx_word' id='word_1_413' title='bbox 741 3171 858 3204; x_wconf 89' lang='lat' dir='ltr'>cum</span> <span class='ocrx_word' id='word_1_414' title='bbox 890 3155 1163 3217; x_wconf 83' lang='lat' dir='ltr'>voluptate,</span> <span class='ocrx_word' id='word_1_415' title='bbox 1195 3155 1282 3203; x_wconf 85' lang='lat' dir='ltr'>sed</span> <span class='ocrx_word' id='word_1_416' title='bbox 1327 3164 1528 3216; x_wconf 80' lang='lat' dir='ltr'>propter</span> <span class='ocrx_word' id='word_1_417' title='bbox 1567 3153 1837 3202; x_wconf 89' lang='lat' dir='ltr'>discessum</span> <span class='ocrx_word' id='word_1_418' title='bbox 1872 3152 1936 3200; x_wconf 86' lang='lat' dir='ltr'>ab</span> 
     </span>
     <span class='ocr_line' id='line_1_47' title="bbox 250 3220 1935 3291; baseline -0.004 -17"><span class='ocrx_word' id='word_1_419' title='bbox 250 3225 479 3275; x_wconf 88' lang='lat' dir='ltr'>omnibus</span> <span class='ocrx_word' id='word_1_420' title='bbox 507 3224 636 3273; x_wconf 81' lang='lat' dir='ltr'>vitae</span> <span class='ocrx_word' id='word_1_421' title='bbox 671 3221 841 3272; x_wconf 86' lang='lat' dir='ltr'>bonis:</span> <span class='ocrx_word' id='word_1_422' title='bbox 881 3236 941 3269; x_wconf 83' lang='lat' dir='ltr'>ea</span> <span class='ocrx_word' id='word_1_423' title='bbox 972 3235 1090 3269; x_wconf 85' lang='lat' dir='ltr'>vero</span> <span class='ocrx_word' id='word_1_424' title='bbox 1125 3234 1232 3269; x_wconf 89' lang='lat' dir='ltr'>esse</span> <span class='ocrx_word' id='word_1_425' title='bbox 1265 3227 1354 3269; x_wconf 88' lang='lat' dir='ltr'>aut</span> <span class='ocrx_word' id='word_1_426' title='bbox 1388 3220 1592 3284; x_wconf 87' lang='lat' dir='ltr'>opinata</span> <span class='ocrx_word' id='word_1_427' title='bbox 1626 3225 1821 3269; x_wconf 86' lang='lat' dir='ltr'>tantum</span> <span class='ocrx_word' id='word_1_428' title='bbox 1849 3226 1935 3291; x_wconf 76' lang='lat' dir='ltr'>aut</span> 
     </span>
    </p>
   </div>
   <div class='ocr_carea' id='block_1_3' title="bbox 567 3456 568 3536">
    <p class='ocr_par' dir='ltr' id='par_1_3' title="bbox 567 3456 568 3536">
     <span class='ocr_line' id='line_1_48' title="bbox 567 3456 568 3536; baseline 0 45"><span class='ocrx_word' id='word_1_429' title='bbox 567 3456 568 3536; x_wconf 95' lang='lat' dir='ltr'> </span> 
     </span>
    </p>
   </div>
   <div class='ocr_carea' id='block_1_4' title="bbox 2219 19 2230 1100">
    <p class='ocr_par' dir='ltr' id='par_1_4' title="bbox 2219 19 2230 1100">
     <span class='ocr_line' id='line_1_49' title="bbox 2219 19 2230 1100; baseline 0 0"><span class='ocrx_word' id='word_1_430' title='bbox 2219 19 2230 1100; x_wconf 95' lang='lat' dir='ltr'> </span> 
     </span>
    </p>
   </div>
   <div class='ocr_carea' id='block_1_5' title="bbox 2222 2468 2229 3305">
    <p class='ocr_par' dir='ltr' id='par_1_5' title="bbox 2222 2468 2229 3305">
     <span class='ocr_line' id='line_1_50' title="bbox 2222 2468 2229 3305; baseline 0 0"><span class='ocrx_word' id='word_1_431' title='bbox 2222 2468 2229 3305; x_wconf 95' lang='lat' dir='ltr'> </span> 
     </span>
    </p>
   </div>
   <div class='ocr_carea' id='block_1_6' title="bbox 2220 2468 2229 3534">
    <p class='ocr_par' dir='ltr' id='par_1_6' title="bbox 2220 2468 2229 3534">
     <span class='ocr_line' id='line_1_51' title="bbox 2220 2468 2229 3534; baseline 0 0"><span class='ocrx_word' id='word_1_432' title='bbox 2220 2468 2229 3534; x_wconf 95' lang='lat' dir='ltr'> </span> 
     </span>
    </p>
   </div>
  </div>
 </body>
</html>
