2235 3581
794 195 931 246 LIB.
965 196 1056 258 V.,
1089 196 1246 245 CAP.
1282 195 1565 245 XL-le.
1930 199 2019 244 161.

341 319 430 357 res
461 305 520 355 et
548 297 692 356 vites
725 305 784 355 01
811 316 893 369 ea,
920 316 1064 375 quae
1098 303 1235 354 sunt
1259 296 1571 355 humiliora
1602 315 1787 373 neque
1822 317 1881 354 se
1916 297 2021 372 tol-

338 380 452 436 lere
493 398 528 435 a
566 385 720 436 terra
757 377 928 435 altius
969 384 1229 455 possunt,
1266 377 1377 434 alia
1418 396 1644 454 semper
1674 377 1876 448 virent,
1914 377 2022 434 alia

336 459 526 516 hieme
555 458 786 529 nudata,
806 477 984 516 verno
1004 466 1267 534 tempore
1294 458 1585 534 tepefacta
1612 457 2018 514 frondescunt:

336 558 523 617 neque
556 544 643 596 oet
669 537 868 608 ullum,
901 538 1059 615 quod
1091 557 1211 594 non
1243 537 1327 594 ita
1356 537 1547 613 vigeat
1579 537 1851 595 interiore
1886 556 2021 614 quo-

336 620 471 677 dam
500 625 665 676 motu
699 625 758 676 et
791 618 908 674 suis
941 618 1002 675 iu
1039 637 1268 694 quoque
1311 617 1628 675 seminibus
1670 617 1919 688 1110111818,
1956 625 2022 674 111

336 706 438 756 aut
469 698 636 757 fiores
677 705 779 755 aut
810 698 1008 775 fruges
1041 697 1253 754 fundat
1286 704 1385 754 aut
1417 697 1587 754 bacas
1620 697 1925 774 omniaque
1960 697 2019 754 in

335 779 622 850 omnibus,
656 784 934 856 quantum
971 778 1030 834 in
1064 777 1207 854 ipsis
1249 777 1340 848 sit,
1377 777 1537 834 nulla
1571 778 1629 834 vi
1669 777 2020 854 impediente

335 860 595 936 perfecta
639 860 770 916 sint.
859 864 952 915 38.
1001 857 1249 915 Facilius
1291 877 1425 914 vero
1470 858 1644 915 etiam
1694 858 1754 914 in
1802 857 2016 929 bestiis,

337 939 495 1016 quod
525 939 600 996 iis
627 958 832 1008 ⁴sensus
870 959 902 995 a
935 944 1141 995 natura
1176 945 1262 995 est
1295 935 1480 1009 datus,
1510 937 1597 994 vis
1638 938 1821 1014 ipsius
1860 945 2021 994 natu-

334 1039 430 1077 rae
474 1019 722 1096 perspici
767 1025 974 1094 potest.
1062 1017 1329 1095 Namque
1378 1017 1517 1075 alias
1560 1017 1775 1076 bestias
1818 1025 2021 1075 nantes

335 1119 612 1176 aquarum
641 1099 857 1156 incolas
885 1118 1006 1156 esse
1036 1097 1236 1167 voluit,
1262 1097 1399 1155 alias
1428 1097 1685 1155 volucres
1719 1097 1877 1156 caelo
1904 1098 2020 1154 frui

333 1179 532 1250 libere,
557 1186 849 1256 serpentes
879 1179 1173 1256 quasdam,
1201 1179 1479 1255 quasdam
1509 1198 1631 1236 esse
1659 1179 2018 1256 gradientes:

325 1279 530 1317 earum
573 1259 824 1336 ipsarum
868 1259 1080 1337 partim
1124 1258 1423 1334 solivagas,
1458 1259 1672 1335 partim
1714 1277 2022 1334 congrega-

205 1394 211 1400 .
239 1406 245 1411 ,
333 1347 438 1411 t-aS,
463 1341 745 1396 immanes
773 1339 927 1410 aliaS‚
955 1338 1233 1416 quasdam
1267 1345 1461 1396 autem
1490 1338 1721 1410 cicureS‚
1746 1357 1863 1394 non
1897 1339 2020 1394 nul-

334 1420 418 1477 las
459 1420 686 1477 abditas
721 1427 982 1496 terraque
1015 1426 1214 1478 tectas,
1300 1418 1498 1494 Atque
1532 1437 1727 1475 earum
1762 1437 2019 1496 quaeque

335 1520 503 1558 suum
543 1508 747 1558 tenens
787 1519 1016 1571 munus,
1051 1519 1185 1556 cum
1218 1499 1280 1555 in
1316 1497 1559 1574 disparis
1600 1498 1909 1555 animantis
1942 1499 2021 1555 vi-

333 1589 454 1638 tam
483 1580 722 1637 transire
755 1599 873 1637 non
907 1579 1108 1656 possit,
1135 1585 1331 1636 manet
1358 1579 1417 1635 in
1447 1578 1573 1654 lege
1607 1584 1857 1636 naturae.
1945 1577 2022 1635 Et

332 1668 401 1718 ut
433 1660 634 1718 bestiis
675 1659 833 1716 aliud
873 1659 972 1717 alii
1012 1658 1306 1736 praecipui
1350 1678 1383 1715 a
1427 1665 1633 1715 nat-ura
1671 1658 1873 1715 datum
1916 1665 2019 1728 est,

336 1741 494 1820 quod
527 1759 695 1798 suum
739 1759 998 1818 quaeque
1039 1739 1251 1797 retinet
1283 1758 1388 1797 nec
1424 1738 1669 1797 discedit
1702 1736 1774 1796 ab
1818 1757 1903 1811 eo,
1942 1739 2021 1797 sic

333 1821 560 1879 1101111111
587 1820 774 1878 ‘multo
809 1820 1085 1898 quiddam
1113 1821 1513 1897 praestantiuS,
1538 1819 1646 1877 etsi
1674 1820 2023 1896 praestantia

334 1901 548 1959 debent
570 1920 638 1959 ea
655 1900 797 1973 dici,
825 1920 970 1978 quae
991 1900 1209 1958 habent
1230 1900 1479 1977 aliquam
1510 1900 2019 1977 comparationem,

333 1982 622 2039 humanus
663 1987 856 2039 autem
899 1981 1128 2037 animus
1156 1980 1461 2057 decerptus
1494 2000 1563 2038 ex
1596 1987 1791 2038 mente
1826 1979 2023 2037 divina

334 2082 467 2120 cum
497 2062 608 2119 alio
636 2062 798 2118 nullo
827 2062 940 2118 nisi
973 2080 1105 2118 cum
1140 2061 1269 2138 ipso
1297 2062 1425 2132 deo,
1450 2061 1499 2118 si
1527 2060 1640 2117 hoc
1668 2060 1758 2117 fas
1790 2067 1877 2118 est
1906 2060 2021 2117 dic-

333 2149 416 2214 tu,
453 2142 772 2219 comparari
813 2148 1048 2218 potest·
1112 2147 1205 2199 39.
1252 2140 1369 2199 Hic
1401 2141 1583 2217 igitur
1622 2140 1671 2197 si
1714 2141 2023 2197 0810110111-

333 2230 429 2279 tus
457 2229 518 2280 et
537 2223 587 2279 si
615 2222 738 2279 eius
766 2222 916 2279 acies
943 2222 1028 2279 ita
1055 2227 1253 2279 curata
1280 2227 1382 2292 est,
1404 2227 1470 2277 ut
1492 2240 1563 2277 ne
1592 2227 1915 2277 caecaretur
1943 2239 2023 2277 er-

333 2303 575 2371 roribuS,
599 2301 666 2358 fit
698 2302 958 2379 perfecta
986 2321 1165 2373 1110118,
1189 2300 1252 2357 id
1274 2307 1362 2358 est
1390 2299 1655 2357 absoluta
1679 2300 1843 2370 rati0,
1866 2300 2023 2377 quod

335 2389 422 2440 est
461 2382 619 2439 idem
655 2383 851 2439 virtus
937 2381 1031 2453 Et,
1063 2381 1112 2438 si
1148 2400 1319 2438 omne
1353 2380 1584 2437 beatum
1616 2385 1718 2450 est,
1750 2380 1844 2437 cui
1876 2380 2021 2437 nihil

333 2463 494 2520 deest
529 2470 588 2519 et
623 2462 781 2539 quod
812 2462 874 2518 in
910 2481 1014 2519 suo
1047 2480 1256 2539 genere
1290 2460 1584 2538 expletum
1618 2466 1792 2537 atque
1829 2479 2024 2517 eumu-

333 2544 516 2599 latum
559 2550 662 2614 est,
692 2542 870 2619 idque
903 2542 1135 2599 virtutis
1169 2548 1255 2599 est
1289 2540 1605 2617 proprium,
1637 2546 1789 2598 certe
1824 2560 2023 2597 omnes

337 2622 566 2679 virtutis
599 2630 900 2699 compotes
928 2621 1082 2679 beati
1117 2628 1267 2679 sunt.
1352 2620 1431 2677 Et
1463 2620 1574 2678 1100
1609 2620 1844 2698 quidem
1878 2620 2024 2677 mihi

333 2722 464 2759 cum
501 2702 688 2759 Bruto
731 2702 1017 2771 convenit,
1054 2702 1116 2758 id
1158 2708 1261 2773 est,
1298 2719 1431 2758 cum
1463 2700 1795 2772 Aristotele,
1832 2701 2025 2758 Xeno-

334 2789 506 2853 crate,
543 2782 888 2859 SpeusippO,
925 2782 1258 2839 Polemone.
1344 2785 1439 2838 40.
1489 2780 1604 2839 Sed
1646 2781 1792 2838 mihi
1832 2782 2026 2838 viden-

333 2870 430 2919 tur
457 2862 632 2919 etiam
661 2862 994 2920 beatissimi.
1081 2860 1237 2930 Quid
1270 2861 1427 2918 enim
1456 2860 1618 2919 deest
1650 2862 1725 2918 ad
1751 2861 1918 2919 beate
1946 2860 2026 2917 vi-

333 2942 692 3013 vendum-ei,
731 2942 830 3019 qui
872 2940 1113 2999 confidit
1148 2941 1266 2998 suis
1298 2940 1505 2998 bonis?
1546 2948 1645 2999 aut
1680 2941 1780 3017 qui
1814 2940 2025 2998 diffidit

333 3022 537 3081 beatus
571 3042 692 3079 esse
727 3023 825 3099 qui
855 3022 1088 3099 potest?
1170 3020 1255 3078 At
1284 3020 1509 3078 diffidat
1542 3040 1772 3078 necesse
1805 3027 1892 3077 est
1926 3020 2024 3097 qui

333 3102 488 3159 bona
545 3102 756 3160 dividit
803 3102 1110 3179 tripertito·
1214 3100 1381 3159 XIV.
1431 3099 1543 3169 Qui
1600 3100 1755 3157 enim
1809 3100 2026 3176 poterit

301 3190 436 3241 ·aut
468 3182 726 3259 corporis
759 3181 1031 3240 firmitate
1072 3188 1174 3238 aut
1205 3182 1474 3238 fortunae
1509 3178 1819 3237 stabilitate
1854 3178 2026 3235 confi-

335 3262 507 3320 dere?
556 3304 562 3309 -
589 3261 776 3341 Atqui
803 3262 917 3319 nisi
945 3260 1139 3319 stabili
1167 3266 1226 3319 et
1246 3260 1361 3319 fixo
1390 3267 1449 3317 ct
1470 3266 1841 3339 permanente
1869 3258 2024 3315 bono
