2235 3581
563 166 701 215 121ss.
735 165 826 227 V.,
859 165 1018 216 CAP.
1049 165 1575 216 Klima-xxxv,
1822 168 1913 216 181

231 279 326 330 tus
358 270 672 349 epularum,
698 268 856 346 quod
883 289 1058 346 parvo
1093 269 1253 328 cultu
1285 277 1488 328 natura
1521 277 1794 327 contenta
1820 269 1910 326 sit.

232 351 466 409 Etenim
510 350 636 428 quis
680 349 790 406 hoc
836 369 952 408 non
973 350 1173 420 ‘videt-,
1220 349 1515 407 desideriis
1570 349 1767 406 omnia
1805 349 1915 406 ista

232 431 492 488 condiri?
571 430 785 487 Darius
826 429 886 486 in
921 431 1063 506 fuga
1105 450 1236 486 cum
1279 449 1487 506 aquam
1521 427 1814 487 turbidam
1856 439 1914 486 et

233 510 600 568 cadaveribus
647 509 1004 587 inquinatam
1060 509 1312 585 bibisset,
1358 509 1591 586 negavit
1640 527 1913 586 umquam

233 611 292 648 se
340 590 552 648 bibisse
603 589 924 648 iucundius.
1011 589 1346 666 Numquam
1395 590 1661 648 videlicet
1715 590 1913 647 sitiens

234 671 468 729 biberat.
555 670 612 727 Ν
615 690 677 728 ee
712 670 963 728 esuriens
997 669 1365 728 Ptolemaeus
1406 671 1615 741 ederat,
1648 670 1741 726 cui
1782 689 1911 727 eum

233 753 556 828 peragranti
591 750 930 828 Aegyptum
973 749 1285 808 comitibus
1325 769 1441 808 non
1486 750 1807 808 consecutis
1841 750 1910 806 ci-

231 831 424 888 barius
459 831 518 887 in
553 850 682 888 casa
714 831 880 908 panis
913 830 1082 887 datus
1116 838 1281 902 esset,
1307 830 1450 888 nihil
1479 831 1663 887 visum
1700 836 1787 886 est
1814 829 1913 885 illo

234 931 380 989 pane
428 911 749 969 iucundius.
836 911 1131 968 Socratem
1175 911 1389 982 ferunt,
1434 930 1567 968 cum
1615 929 1795 988 usque
1840 909 1913 966 ad

234 1012 533 1068 vesperum
575 992 903 1049 contentius
944 991 1263 1049 ambularet
1297 992 1734 1069 quaesitumque
1767 997 1915 1047 essct

234 1092 302 1129 ex
337 1091 406 1129 eo
441 1091 556 1149 qua
587 1091 647 1129 re
686 1072 750 1129 id
783 1072 1014 1142 faceret,
1044 1071 1407 1148 respondisse
1450 1091 1525 1143 se,
1558 1091 1673 1149 quo
1712 1070 1915 1128 melius

234 1159 475 1223 cenaret,
521 1171 801 1230 opsonare
855 1151 1204 1209 ambulando
1253 1152 1485 1209 famem.
1585 1157 1677 1208 98.
1723 1150 1915 1220 Quid?

234 1233 449 1289 victum
500 1231 1083 1290 Lacedaemoniorum
1132 1233 1193 1289 in
1239 1231 1483 1309 philitiis
1530 1250 1722 1288 nonne
1763 1230 1917 1287 vide-

235 1313 395 1369 mus?
476 1311 598 1370 Ubi
631 1332 762 1370 curn
798 1320 1076 1389 tyrannus
1110 1312 1427 1370 cenavisset
1453 1311 1790 1387 DionysiuS,
1821 1328 1916 1366 ne-

233 1393 392 1469 gavit
413 1412 472 1450 se
495 1393 616 1449 iure
644 1393 744 1450 illo
772 1394 957 1469 nigre,
984 1393 1145 1469 quod
1172 1411 1343 1449 cenae
1371 1397 1547 1468 caput
1574 1397 1711 1462 erat,
1737 1389 1915 1447 delec-

234 1480 437 1531 tatum.
521 1472 670 1530 Tum
715 1474 780 1544 is,
807 1473 906 1552 qui
939 1472 1036 1529 illa
1069 1479 1331 1530 coxerat:
1375 1471 1622 1528 Minime
1659 1470 1913 1526 mirum:

234 1553 587 1610 condimenta
620 1553 770 1610 enim
799 1553 1121 1627 defuerunt.
1219 1553 1380 1624 Quae
1412 1550 1683 1607 tandem?
1724 1550 1917 1626 inquit

235 1633 346 1691 ille.
430 1633 623 1690 Labor
653 1635 728 1698 ,in
768 1640 991 1703 venatu,
1028 1633 1221 1702 sudor,
1253 1651 1455 1688 cursus
1495 1632 1573 1687 ad
1606 1630 1912 1700 Eurotam,

231 1714 445 1788 fames,
466 1714 607 1772 sitis.
692 1713 769 1769 H
763 1713 813 1769 is
839 1712 988 1769 enim
1011 1713 1175 1768 rebus
1191 1711 1766 1768 Lacedaemoniorum
1787 1729 1916 1784 epu-

237 1796 324 1851 lae
351 1796 711 1852 condiuntur.
789 1794 986 1870 Atque
1013 1793 1125 1850 hoe
1161 1812 1277 1849 non
1318 1813 1387 1849 ex
1420 1792 1723 1850 hominum
1758 1811 1916 1848 more

236 1874 441 1947 solum,
465 1876 568 1933 sed
594 1875 767 1932 etiam
803 1892 873 1931 ex
901 1873 1100 1930 bestiis
1134 1873 1394 1949 intellegi
1426 1878 1635 1949 potest,
1660 1892 1821 1949 quae,
1852 1880 1919 1928 ut

237 1955 519 2032 quidquid
549 1954 840 2034 obiectum
874 1961 976 2025 est,
1010 1953 1169 2030 quod
1195 1953 1373 2011 modo
1402 1972 1437 2009 a
1462 1960 1665 2010 natura
1698 1972 1813 2009 non
1844 1952 1919 2009 sit

235 2035 503 2111 alien-um,
540 2054 608 2093 eo
651 2040 954 2093 contentae
996 2054 1116 2091 non
1152 2040 1433 2110 quaerunt
1474 2032 1735 2109 amplius
1822 2038 1914 2089 99.

236 2114 514 2173 Civitates
547 2115 828 2193 quaedam
863 2116 1173 2184 universae,
1206 2132 1364 2170 more
1398 2112 1619 2184 doctae,
1643 2112 1919 2188 parcimo-

238 2196 334 2253 nia
379 2195 751 2265 delectantur‚
794 2202 863 2252 ut
909 2193 982 2251 de
1031 2192 1498 2251 Lacedaemoniis
1545 2191 1737 2267 paullo
1786 2199 1920 2248 ante

237 2276 502 2333 diximus,
588 2274 891 2332 Persarum
938 2293 974 2331 a
1019 2272 1413 2349 Xenophonte
1454 2273 1639 2328 victus
1688 2272 1921 2347 exponi-
1982 2322 1987 2327 .

235 2362 347 2427 tur,
380 2375 524 2433 quos
556 2361 730 2432 negat
763 2355 838 2412 ad
866 2374 1075 2432 panem
1108 2352 1381 2411 adhibere
1416 2352 1731 2429 quidquam
1764 2370 1921 2428 prae-

236 2443 325 2493 ter
353 2435 713 2493 nasturtium.
799 2434 1163 2512 Quamquam
1197 2434 1246 2490 si
1276 2432 1555 2510 quaedam
1589 2432 1763 2488 etiam
1798 2451 1922 2489 sua-

238 2516 397 2573 viora
435 2522 640 2573 natura
681 2515 979 2585 desideret,
1018 2534 1189 2591 quam
1233 2513 1416 2569 multa
1459 2532 1528 2569 ex
1570 2518 1721 2569 terra
1759 2510 1921 2567 arbo-

237 2595 509 2673 ribusque
548 2596 880 2672 gignuntur,
911 2614 1044 2651 cum
1081 2594 1251 2671 copia
1282 2593 1439 2650 facili
1472 2599 1598 2650 tum
1641 2592 1919 2649 suavitate

238 2676 618 2753 praestantia?
677 2674 849 2733 Adde
872 2675 1203 2744 siccitatem,
1222 2692 1367 2752 quae
1388 2672 1757 2749 consequitur
1774 2671 1920 2728 hanc

239 2756 652 2815 continentiam
686 2756 744 2812 in
767 2755 940 2826 victu,
963 2754 1111 2811 adde
1141 2753 1532 2830 integritatem
1556 2751 1915 2809 valetudinis,

245 2841 376 2893 100.
414 2835 631 2893 Confer
657 2835 942 2907 sudanteS,
967 2840 1274 2904 ructantes,
1295 2833 1538 2891 refertos
1567 2830 1751 2909 epulis
1778 2838 1921 2888 tam-

241 2935 414 2993 quam
454 2917 682 2993 opimos
715 2915 906 2986 boveS‚
936 2920 1062 2971 tum
1096 2913 1411 2990 intelleges,
1437 2912 1537 2989 qui
1565 2910 1921 2988 voluptatem

237 2996 489 3053 maxime
524 3002 848 3073 sequantur,
878 3014 978 3051 eos
1011 2994 1251 3051 minime
1285 2992 1575 3069 consequi,
1601 2990 1922 3047 iucundita-

239 3083 474 3153 temque
502 3076 688 3133 victus
716 3094 836 3133 esse
865 3074 925 3131 in
953 3073 1257 3145 desiderio,
1280 3092 1400 3137 non
1428 3071 1489 3129 in
1520 3071 1796 3128 satietate.

322 3155 578 3214 XXXV.
642 3154 1032 3224 Timotheum,
1069 3153 1284 3210 clarum
1333 3152 1630 3209 hominem
1671 3149 1921 3207 Athenis

238 3242 299 3293 ct
330 3235 650 3313 principem
693 3234 957 3304 civitati&
993 3234 1205 3357 ἱθῖιέηι,
1242 3252 1375 3289 cum
1416 3230 1732 3289 cenavisset
1765 3229 1919 3309 apud

1086 3326 1112 3356 ἴ)
