2235 3581
239 172 303 218 92
467 171 1055 220 TUSCULANARUM
1104 171 1705 222 DISPUTATIONUM

239 271 300 327 in
329 271 452 328 vii-o
487 291 589 328 suo
624 272 800 328 fuisse
845 271 1093 343 Socrate,
1128 272 1329 329 codem
1366 293 1591 351 semper
1624 293 1683 331 se
1715 273 1928 332 vidisse

239 359 541 409 exeuntem
576 351 739 408 illum
775 352 950 408 domo
980 359 1037 408 ct
1065 359 1458 410 revertentem.
1546 354 1667 412 Nec
1696 373 1831 411 vero
1861 374 1929 412 ea

237 430 402 487 frons
437 439 572 503 erat,
600 451 743 509 quae
779 431 854 489 M.
889 431 1078 489 Crassi
1111 432 1265 489 illius
1293 434 1517 505 veteriS,
1545 453 1713 510 quem
1751 435 1926 492 semel

236 512 318 567 ait
346 511 405 567 in
435 512 597 568 omni
624 512 744 569 vita
775 512 963 570 risisse
998 511 1266 583 Lucilius,
1293 512 1393 569 sed
1422 513 1729 590 tranquilla
1757 521 1815 571 ct
1844 535 1926 571 sc-

235 611 402 648 rena:
449 592 528 648 sic
558 593 708 650 enim
741 593 1080 669 accepimus,
1169 593 1298 650 que
1328 600 1521 650 autem
1552 601 1671 651 erat
1700 613 1926 672 semper

234 671 390 728 idem
413 672 618 742 vultus),
645 691 775 730 cum
798 674 1024 744 mentia
1050 693 1084 730 a
1106 692 1219 750 qua
1238 673 1287 729 is
1308 672 1561 748 fingitur,
1586 673 1743 731 nulla
1762 673 1924 732 fieret

233 752 497 810 mutatio,
577 752 704 821 Qua
733 771 792 810 re
821 753 1041 830 accipio
1071 753 1339 830 equidem
1368 773 1403 810 a
1424 753 1755 830 Cyrenaicis
1782 754 1921 812 haec

233 851 392 888 arma
425 839 624 890 contra
657 852 819 890 casus
847 839 906 890 et
939 840 1193 905 eventus,
1220 832 1429 910 quibus
1462 853 1662 891 eorum
1692 835 1922 892 adveni-

234 919 395 969 entes
425 913 676 990 impetus
709 913 982 970 diuturna
1013 913 1530 990 praemeditatione
1558 915 1917 990 frangantur,

234 992 516 1069 simulque
544 993 737 1050 iudico
773 993 985 1050 malum
1023 993 1168 1050 illud
1195 993 1487 1070 opinionis
1510 1013 1647 1066 esse,
1678 1013 1795 1052 non
1824 1015 1921 1052 na-

232 1079 426 1130 turae:
486 1079 578 1144 32,
617 1073 664 1129 si
706 1073 860 1130 enim
902 1073 962 1130 in
1005 1093 1065 1130 re
1108 1081 1270 1144 esset,
1308 1093 1409 1130 cur
1448 1074 1651 1132 fierent
1691 1076 1921 1151 provisa

233 1153 478 1228 leviora?
561 1151 676 1209 Sed
710 1160 796 1210 est
831 1153 1034 1210 iisdem
1071 1154 1143 1211 de
1176 1154 1345 1212 rebus
1380 1154 1537 1231 quod
1578 1155 1693 1211 dici
1734 1156 1919 1232 possit

232 1231 514 1303 subtiliuS,
537 1233 584 1290 si
612 1233 771 1310 prius
800 1233 1034 1310 Epicuri
1063 1235 1405 1291 sententiam
1437 1234 1781 1292 viderimus:
1818 1237 1915 1312 qui

231 1320 424 1369 censet
452 1332 680 1371 necesse
709 1333 829 1370 esse
859 1333 1059 1371 omnes
1087 1315 1145 1371 in
1178 1315 1537 1391 aegritudine
1565 1335 1703 1386 esse,
1730 1315 1828 1393 qui
1856 1335 1917 1373 sc

230 1393 292 1449 in
335 1392 499 1449 malis
541 1413 661 1450 esse
703 1393 1064 1462 arbitrentur,
1103 1395 1221 1452 sive
1270 1394 1367 1451 illa
1414 1402 1547 1453 ante
1588 1396 1818 1472 provisa
1858 1403 1918 1452 et

230 1479 557 1550 exspectata
590 1473 706 1530 sint
740 1474 856 1530 sive
891 1474 1346 1532 inveteraverint.
1432 1475 1581 1532 Nam
1619 1495 1805 1553 neque
1825 1495 1919 1533 ve-

229 1560 444 1611 tustate
484 1554 669 1610 minui
719 1554 870 1610 mala
910 1573 1014 1612 nec
1057 1554 1181 1612 fieri
1228 1555 1645 1633 praemeditata
1684 1556 1911 1627 leviora,
1988 1631 1991 1634 Α

229 1633 579 1711 stultamque
608 1633 780 1691 etiam
811 1654 932 1691 esse
965 1635 1403 1692 meditationem
1437 1636 1621 1693 futuri
1650 1636 1787 1692 mali
1814 1644 1915 1693 aut

227 1713 471 1770 fortasse
494 1733 565 1770 ne
587 1713 769 1770 futuri
793 1714 1060 1793 quidem:
1105 1715 1243 1772 satis
1266 1734 1387 1772 esse
1410 1715 1675 1773 odiosum
1696 1716 1938 1772 malum·

229 1813 415 1863 omne,
443 1813 573 1851 cum
601 1796 882 1853 venisset:
927 1798 1027 1873 qui
1061 1803 1255 1853 autem
1290 1816 1516 1874 semper
1547 1797 1915 1873 cogitavisset

227 1874 482 1932 accidere
509 1894 678 1951 posse
711 1875 931 1953 aliquid
958 1876 1197 1948 adversi,
1219 1876 1272 1933 ei
1300 1875 1421 1933 fieri
1450 1876 1594 1934 illud
1622 1877 1915 1953 sempiter-

227 1973 367 2011 num
395 1955 645 2012 malum:
691 1955 739 2012 si
767 1975 901 2013 vero
932 1976 1002 2013 ne
1031 1957 1294 2013 futurum
1325 1957 1558 2034 quidem
1588 1957 1679 2028 sit,
1700 1958 1915 2015 frustra

227 2034 441 2111 suscipi
475 2036 758 2092 miseriam
796 2035 1210 2094 voluntariam:
1255 2038 1339 2094 ita
1380 2056 1604 2114 semper
1644 2038 1779 2113 angi
1813 2044 1914 2094 aut

226 2115 562 2191 accipiendo
587 2123 686 2172 aut
714 2116 1024 2192 cogitando
1054 2117 1224 2175 malo,
1300 2124 1391 2174 33.
1424 2116 1795 2175 Levationem
1818 2137 1915 2175 au-

225 2202 343 2252 tem
374 2196 750 2272 aegritudinis
778 2197 838 2251 in
867 2196 1090 2254 duabus
1117 2197 1287 2255 rebus
1314 2198 1499 2275 ponit,
1524 2198 1857 2255 avocat-ione
1878 2216 1915 2255 a

226 2275 535 2353 cogitanda
566 2276 832 2333 molestia
852 2280 917 2333 'et
943 2278 1305 2335 revocatione
1339 2277 1414 2334 ad
1441 2277 1913 2354 contemplandas

225 2356 564 2433 voluptates
599 2368 604 2371 '
631 2356 837 2414 Parere
861 2357 1012 2413 enim
1037 2364 1231 2415 censet
1259 2358 1515 2414 animum
1546 2358 1755 2415 rationi
1782 2378 1914 2435 pos-

225 2455 284 2492 se
313 2443 372 2493 et
401 2456 515 2513 quo
545 2437 642 2494 illa
668 2436 841 2494 ducat
870 2438 1045 2513 sequi.
1120 2437 1299 2495 Vetat
1326 2438 1506 2515 igitur
1532 2438 1678 2495 ratio
1700 2438 1911 2495 intueri

223 2514 532 2585 molestiaS,
551 2513 830 2571 abstrahit
844 2514 914 2572 ab
929 2514 1147 2572 acerbis
1165 2515 1631 2591 cogitationibUS,
1650 2514 1913 2573 hebetem

225 2587 434 2673 [facit]
470 2594 650 2651 aciem
685 2595 758 2652 ad
794 2595 1054 2653 miserias
1090 2595 1595 2672 contemplandas:
1639 2615 1673 2652 a
1707 2595 1917 2673 quibus

225 2691 356 2729 cum
392 2672 600 2730 cecinit
641 2674 912 2752 receptui,
949 2672 1196 2731 imbellit
1238 2693 1461 2730 rursum
1501 2681 1561 2731 et
1602 2674 1806 2730 incitat
1838 2673 1913 2730 ad

223 2752 658 2828 conspiciendas
678 2759 915 2829 totaque
945 2760 1138 2810 mente
1160 2753 1595 2810 contrectandas
1614 2753 1795 2809 varias
1816 2772 1913 2811 vo-

223 2830 489 2907 luptateS,
517 2831 724 2908 quibus
751 2832 845 2888 ille
868 2839 926 2890 et
954 2832 1385 2908 praeteritarum
1416 2833 1695 2890 memoria
1722 2840 1781 2889 et
1810 2852 1911 2908 spe

223 2912 696 2988 consequentium
719 2912 993 2988 sapientis
1011 2911 1188 2968 vitam
1212 2912 1483 2970 refertam
1505 2919 1688 2989 putat.
1749 2911 1911 2969 Haec

223 2997 420 3047 nostro
449 3010 606 3047 more
635 3010 742 3047 nos
763 2991 1040 3048 diximus:
1084 2991 1340 3067 Epicurii
1368 2992 1572 3049 dicunt
1600 3012 1719 3049 su0.
1795 2991 1911 3049 Sed

225 3088 368 3143 quae
399 3070 592 3128 dicant
620 3070 930 3141 videamus,
953 3089 1066 3146 quo
1095 3071 1290 3142 mod0,
1316 3071 1701 3148 neglegamus,

303 3148 469 3207 XVI.
558 3154 648 3206 34.
694 3149 990 3225 Principio
1019 3150 1168 3207 male
1202 3150 1629 3225 reprehendunt
1657 3172 1912 3230 praeme-

213 3227 564 3285 ditationem
597 3248 782 3286 rerum
817 3230 1159 3287 futurarum.
1248 3230 1408 3287 Nihil
1444 3239 1531 3290 est
1564 3233 1717 3289 enim
1750 3229 1911 3311 quod
