2235 3581
246 178 311 224 94
471 153 1062 226 'rusct'JLANARUM
1105 175 1707 226 DISPU'PATIONUM

246 277 480 355 quidem
508 277 703 354 paullo
737 283 870 334 ante
903 275 1191 354 appellata
1216 276 1534 352 frugalitas,
1557 295 1701 354 quae
1728 284 1787 335 te
1816 284 1935 336 tur-

244 359 396 436 piter
422 364 480 415 et
513 357 778 434 nequiter
804 355 992 414 facere
1027 356 1172 413 nihil
1200 357 1466 432 patietur.
1539 356 1695 425 Quid
1723 364 1812 415 est
1838 377 1935 416 au-

243 446 362 495 tem
392 437 634 515 nequius
655 443 756 495 aut
783 437 1008 514 turpius
1029 437 1363 494 effeminato
1382 437 1543 494 viro?
1598 437 1655 493 N
1656 457 1687 494 e
1709 438 1934 496 iustitia

245 517 482 595 quidem
517 519 666 575 sinet
697 525 758 576 te
791 517 902 574 ista
933 517 1139 588 facere,
1161 517 1255 574 cui
1286 517 1595 574 minimum
1629 537 1751 576 esse
1778 518 1933 576 vide-

243 605 338 656 tur
364 599 424 654 in
453 597 561 654 hac
590 617 760 655 causa
785 597 913 670 loci,
935 617 1082 676 quae
1109 605 1305 654 tamen
1333 597 1417 654 ita
1442 597 1597 655 dicet
1624 597 1935 675 dupliciter

243 698 365 736 esse
391 685 450 736 te
479 679 773 749 iniustum,
795 687 926 735 cum
949 685 1008 734 et
1035 677 1286 734 alienum
1315 684 1567 755 appetas,
1594 679 1695 755 qui
1720 686 1932 736 morta-

244 759 312 815 lis
345 765 513 816 natus
548 759 946 816 condicionem
982 755 1240 835 postules
1272 757 1687 815 immortalium
1721 765 1781 815 et
1806 777 1911 835 gra

242 839 389 896 viter
410 839 560 896 feras
581 845 640 896 te
663 838 820 916 quod
841 838 1119 895 utendum
1142 838 1425 913 acceperis
1446 837 1778 896 reddidisse.
1832 840 1925 896 37.

241 918 590 976 Prudentiae
625 938 758 976 vero
793 918 934 996 quid
975 917 1349 994 respondebis
1390 917 1622 975 docenti
1655 918 1927 976 virtutem

241 1018 362 1056 sese
395 1019 518 1056 esse
559 1006 892 1056 contentam
929 1016 1043 1075 quo
1086 997 1265 1054 modo
1302 998 1377 1054 ad
1417 997 1565 1055 bene
1597 998 1927 1070 vivendum,

241 1079 321 1135 sic
345 1079 520 1137 etiam
543 1078 617 1135 ad
644 1078 846 1136 beate?
914 1077 1073 1146 Quae
1096 1079 1146 1135 si
1168 1077 1519 1136 extrinsecus
1538 1077 1779 1154 religata
1794 1097 1930 1156 pen-

241 1158 374 1215 deat
401 1166 460 1216 et
487 1178 604 1216 non
635 1159 852 1217 oriatur
878 1178 913 1215 a
939 1178 999 1216 se
1027 1166 1087 1216 et
1113 1177 1309 1216 rursus
1336 1159 1411 1215 ad
1438 1177 1499 1215 se
1526 1166 1843 1218 revertatur
1870 1167 1929 1216 et

241 1239 436 1296 omnia
455 1259 558 1296 sua
585 1240 886 1316 complexa
910 1238 1055 1295 nihil
1085 1245 1322 1316 quaerat
1350 1238 1597 1310 aliunde,
1619 1257 1735 1296 non
1764 1239 1931 1296 intel-

239 1319 370 1395 lego
403 1339 505 1377 cur
535 1326 637 1377 aut
668 1319 856 1376 verbis
887 1327 1009 1376 tam
1043 1319 1414 1376 vehementer
1443 1319 1703 1378 ornanda
1734 1326 1834 1376 aut
1866 1339 1927 1377 re

238 1407 402 1456 tanto
433 1419 604 1477 opere
633 1399 954 1476 expetenda
981 1398 1297 1456 videatur.’‘
1368 1398 1469 1455 Ad
1490 1398 1631 1458 haec
1660 1398 1813 1456 bona
1832 1419 1927 1457 me

238 1480 285 1536 si
314 1499 561 1549 revocas,
586 1480 847 1556 Epicure,
873 1499 1063 1556 parce,
1095 1499 1318 1556 sequor,
1350 1486 1485 1536 utor
1511 1485 1569 1536 te
1603 1479 1732 1556 ipso
1761 1478 1925 1550 duce,

236 1559 546 1617 obliviscor
582 1561 756 1618 etiam
799 1559 1100 1630 malorum,
1134 1567 1199 1616 ut
1241 1559 1417 1628 iubeS,
1455 1578 1639 1636 eoque
1678 1559 1925 1630 faciliuS,

239 1640 396 1717 quod
429 1660 495 1698 ea
528 1660 600 1698 ne
634 1641 694 1696 in
728 1639 896 1697 malis
929 1640 1165 1716 quidem
1200 1640 1471 1717 ponenda
1502 1658 1723 1697 censeo,
1810 1639 1925 1698 Sed

236 1720 488 1778 traducis
543 1721 923 1798 cogitationes
979 1739 1137 1777 meas
1190 1719 1266 1776 ad
1316 1720 1654 1798 voluptates.
1730 1718 1926 1788 Quas?

235 1801 888 1879 Corp01·iS,cred0,aut
922 1820 1066 1879 quae
1105 1807 1345 1878 propter
1381 1820 1589 1877 corpus
1622 1800 1710 1859 vel
1744 1819 1927 1859 recor-

236 1882 471 1939 datione
514 1882 599 1939 vel
640 1901 740 1959 spe
781 1882 1124 1967 cogitentur.
1211 1880 1367 1937 Num
1416 1880 1557 1957 quid
1602 1887 1689 1938 est
1730 1880 1925 1939 aliud?

235 1962 487 2019 Rectene
515 1963 861 2039 interpretor
887 1958 1231 2019 sententiam
1261 1969 1453 2018 tuam.
1438 1962 1458 2003 ²
1540 1960 1741 2019 Solent
1767 1962 1923 2019 enim

236 2042 332 2099 isti
362 2062 568 2119 negare
597 2062 703 2099 nos
731 2042 1061 2119 intellegere
1085 2042 1227 2119 quid
1255 2040 1411 2098 dicat
1439 2041 1737 2117 Epicurus.
1826 2048 1919 2099 38.

234 2122 367 2179 Hoc
396 2122 539 2180 dicit
568 2130 625 2181 et
661 2122 769 2179 hoc
803 2122 900 2180 ille
931 2121 1212 2179 acriculus
1244 2141 1338 2178 me
1372 2122 1643 2179 audiente
1671 2120 1923 2179 Athenis

234 2222 404 2260 senex
433 2204 603 2274 Zeno,
635 2204 876 2260 istorum
906 2203 1286 2273 acutissimuS‚
1308 2201 1651 2259 contendere
1680 2210 1738 2258 et
1766 2221 1923 2279 mag-

233 2302 308 2340 na
339 2302 479 2341 voce
518 2284 706 2341 dicere
747 2283 984 2353 solebat,
1015 2302 1149 2339 eum
1192 2302 1313 2340 esse
1340 2281 1592 2353 beatum,
1623 2282 1723 2358 qui
1765 2300 1923 2358 prae-

233 2364 490 2422 sentibus
512 2363 904 2440 voluptatibus
931 2363 1218 2421 frueretur
1244 2361 1668 2439 confideretque
1696 2382 1755 2419 se
1782 2361 1923 2419 frui-

232 2450 425 2501 turum
456 2452 556 2501 aut
588 2445 649 2500 in
684 2443 844 2501 omni
878 2451 977 2500 aut
1011 2443 1071 2500 in
1104 2462 1317 2519 magna
1348 2450 1510 2520 parte
1540 2443 1688 2501 vitae
1722 2441 1921 2500 dolore

231 2544 348 2581 non
383 2524 797 2581 interveniente
831 2531 947 2594 aut,
979 2524 1027 2580 si
1061 2523 1446 2594 interveniret,
1472 2523 1519 2579 si
1548 2541 1806 2579 summus
1833 2524 1922 2579 fo-

231 2610 333 2674 ret,
355 2604 615 2661 futurum
644 2603 892 2674 brevem,
923 2603 1012 2659 sin
1046 2603 1397 2681 productior,
1430 2603 1560 2680 plus
1586 2602 1917 2661 habiturum

231 2684 467 2741 iucundi
503 2702 675 2761 quam
717 2683 883 2741 mali:
928 2683 1067 2741 haec
1108 2684 1462 2760 cogitantem
1504 2683 1631 2740 fore
1663 2682 1916 2753 beatum,

231 2764 563 2840 praesertim
596 2764 645 2821 si
673 2770 732 2821 et
759 2771 892 2821 ante
921 2765 1208 2841 perceptis
1236 2764 1405 2821 bonis
1434 2770 1739 2821 contentus
1766 2772 1918 2820 esset

233 2862 336 2900 nec
364 2852 609 2901 mortem
641 2864 744 2901 nec
775 2844 914 2901 deos
941 2844 1354 2903 extimesceret.
1440 2843 1638 2901 Habes
1666 2843 1916 2901 formam

231 2923 466 3001 Epicuri
497 2925 646 2981 vitae
674 2923 874 2981 beatae
904 2923 1090 2980 verbis
1124 2924 1370 2981 Zenonis
1398 2943 1740 3001 expressam,
1770 2922 1915 3015 nihil

230 3011 296 3060 ut
323 3005 508 3081 possit
535 3004 748 3080 negari.

312 3084 538 3141 XVIII.
615 3090 704 3141 39.
744 3082 900 3151 Quid
928 3084 1101 3158 ergo2
1144 3082 1389 3140 huiusne
1412 3083 1560 3141 vitae
1588 3084 1915 3162 propositio

231 3171 288 3219 et
317 3164 594 3239 cogitatio
617 3170 716 3220 aut
737 3162 864 3239 Thy
871 3169 1048 3219 estem
1077 3161 1263 3219 levare
1292 3163 1506 3239 poterit
1526 3172 1628 3221 aut
1652 3164 1913 3233 Aeetam,

231 3242 301 3298 de
333 3262 447 3319 quo
477 3242 668 3319 paullo
704 3250 834 3299 ante
870 3241 1008 3310 dixi,
1039 3248 1141 3305 aut
1160 3242 1527 3299 Telamonem
1562 3244 1786 3320 pulsum
1822 3266 1917 3321 pa-
