2235 3581
860 193 998 243 LIB.
1037 193 1163 254 111„
1198 191 1355 243 CAP.
1394 193 1435 242 I.
1930 199 1992 246 79

303 309 392 356 spe
430 293 726 354 cogitentur,
751 307 860 355 cap.
891 295 1072 351 17-21,
1103 300 1271 340 tamen
1306 292 1359 339 in
1390 293 1487 340 isto
1528 308 1628 341 non
1668 294 1767 342 sint
1802 295 1986 356 omnia,

303 375 418 407 cum
439 368 488 407 et
506 374 606 406 non
624 359 940 421 opinatorum
959 367 1138 406 natura
1160 357 1477 406 considerata
1494 357 1825 419 intellegatur,
1847 375 1993 424 prop-

303 435 439 473 terea
474 435 670 473 tantum
706 439 888 483 magna
919 423 1090 483 videri,
1125 423 1256 485 quod
1291 433 1479 485 quanta.
1512 424 1612 471 sint
1645 426 1992 474 considerandi

303 491 518 566 spatium
546 505 643 538 non
669 489 830 548 detur,
853 498 902 536 et
922 489 1064 551 quasi
1081 489 1227 550 eulpa
1250 498 1563 536 contractum
1586 505 1734 537 omne
1758 505 1853 538 non
1879 508 1991 554 pro-

301 557 461 603 visum
487 555 672 603 malum
689 554 933 615 videatur,
955 569 1062 616 cap.
1085 556 1164 602 22.
1230 553 1407 602 Altera
1430 569 1559 616 pals,
1580 555 1802 604 dolorem
1818 557 1992 606 volun-

301 622 484 669 tarium
513 636 634 680 esse,
666 635 764 668 non
792 619 844 666 in
874 629 1056 667 natura
1081 634 1247 667 rerum
1276 619 1383 682 ipsa
1417 620 1567 667 situm
1603 635 1670 668 ex
1697 636 1756 669 eo
1784 622 1990 670 demon-

301 696 442 744 strat,
463 686 613 748 quod,
635 701 748 734 cum
770 685 975 734 accessit
998 684 1063 732 ad
1085 685 1371 747 opinionem
1394 685 1564 745 magni
1588 686 1707 733 mali
1730 687 1890 736 altera
1904 689 1992 736 illa

300 753 485 813 opinio,
513 752 578 799 ad
603 751 821 799 officium
847 750 1094 813 pertinere
1129 764 1276 810 aegre
1308 751 1441 814 ferre
1466 751 1601 813 quod
1628 752 1879 812 acciderit,
1908 769 1989 802 v-e

300 817 557 866 hementer
611 824 852 876 augeatur
906 815 1229 876 aegritudinis
1282 825 1450 877 pertun
1452 817 1600 877 bano,
1636 833 1741 880 cap.
1778 820 1841 865 23
1874 834 1981 882 sqq.

299 882 474 930 Tertia
497 882 710 944 denique
733 881 827 930 hoc
851 890 1147 941 argumento
1171 897 1201 929 a
1226 885 1407 930 natur‘u
1431 897 1599 930 rerum
1622 883 1985 942 aegritudinem

298 957 535 1008 removet,
558 947 692 1011 quod
711 947 971 1007 aegritudo
990 947 1093 995 fere
1112 962 1213 995 non
1238 947 1302 996 sit
1321 948 1414 994 nisi
1434 963 1462 996 e
1480 949 1663 996 recenti
1688 949 1806 996 mali
1831 949 1988 1010 opini-

299 1028 410 1073 one,
429 1028 657 1077 quaeque
679 1013 860 1062 habeat
883 1013 1152 1075 quamdam
1172 1012 1509 1062 viriditatem:
1544 1013 1676 1061 unde
1698 1014 1787 1062 fiat
1811 1025 1865 1061 ut
1884 1015 1987 1076 ipse

297 1077 404 1126 dies
437 1079 512 1127 rel
543 1079 798 1126 maximae
833 1078 1135 1138 aegritudini
1175 1078 1451 1138 medeatur,
1478 1093 1585 1140 cap.
1616 1081 1696 1127 31.
1771 1080 1987 1143 Reliqua

297 1144 567 1206 disputatio
596 1155 820 1192 versatur
853 1144 905 1192 in
943 1144 1177 1192 remediis
1212 1144 1538 1204 aegritudinis
1574 1145 1843 1207 tradendiS,
1872 1161 1978 1208 cap.

297 1211 377 1271 32,
401 1212 481 1258 33.

377 1330 422 1388 Ι.
485 1337 534 1388 1.
567 1330 860 1399 Quidnam
883 1350 1021 1401 esse,
1047 1330 1247 1402 Brute,
1268 1349 1469 1388 causae
1491 1336 1690 1408 putem
1714 1351 1829 1402 cur,
1852 1349 1984 1388 cum

296 1418 624 1468 constemus
653 1431 722 1468 ex
751 1411 947 1468 animo
977 1418 1036 1468 et
1069 1430 1324 1487 corpore,
1350 1412 1607 1487 corporis
1634 1411 1870 1468 curandi
1898 1418 1986 1469 tu-

295 1491 544 1568 endique
566 1511 736 1549 causa
758 1491 1016 1567 quaesita
1037 1491 1114 1548 sit
1135 1511 1224 1547 ars
1246 1491 1481 1567 eiusque
1503 1490 1721 1548 utilitas
1743 1490 1981 1548 deorum

292 1571 708 1629 immortalium
738 1571 1060 1629 inventioni
1083 1577 1426 1641 consecrata,
1452 1571 1630 1627 animi
1658 1577 1850 1628 autem
1870 1591 1985 1628 me-

295 1652 489 1709 dicina
514 1671 619 1710 nec
648 1659 769 1709 tam
793 1651 1114 1709 desiderata
1136 1651 1227 1722 sit,
1252 1658 1385 1708 ante
1408 1669 1581 1727 quam
1610 1651 1857 1722 inventa,
1878 1670 1983 1708 nec

293 1738 417 1789 tam
451 1732 618 1804 culta,
650 1739 854 1810 postea
887 1751 1060 1810 quam
1095 1731 1331 1809 cognita
1362 1738 1466 1802 est,
1498 1750 1603 1788 nec
1635 1737 1757 1788 tam
1784 1730 1983 1788 multis

293 1820 460 1890 grata
491 1820 550 1871 et
584 1813 842 1905 probata,
872 1812 1135 1891 pluribus
1168 1812 1341 1869 etiam
1378 1819 1643 1888 suspecta
1675 1819 1734 1869 et
1765 1812 1983 1877 invisav

294 1894 392 1950 An
428 1894 586 1970 quod
620 1894 877 1971 corporis
914 1893 1256 1970 gravitatem
1291 1900 1349 1949 et
1382 1892 1640 1949 dolorem
1674 1892 1869 1949 animo
1900 1893 1983 1948 iu-

280 1974 572 2065 dicamne,
595 1974 773 2031 animi
801 1974 1070 2031 morbum
1099 1991 1338 2050 corpore
1367 1992 1485 2029 non
1515 1972 1830 2030 sentimus?
1892 1972 1985 2030 Ita

293 2052 363 2111 fit
388 2061 457 2111 ut
483 2054 712 2111 animus
740 2054 810 2111 de
845 2074 904 2111 se
937 2055 1061 2131 ipse
1095 2060 1222 2111 tum
1256 2052 1489 2123 iudicet,
1515 2072 1646 2109 cum
1676 2053 1785 2110 id·
1770 2072 1979 2129 ipsum,

296 2153 412 2210 quo
434 2133 737 2205 iudicatur,
763 2140 1036 2211 aegrotet.
1124 2140 1176 2191 2.
1209 2132 1380 2201 Quod
1410 2133 1457 2190 si
1484 2133 1628 2189 tales
1649 2151 1757 2189 nos
1778 2140 1984 2189 natura

293 2214 604 2290 genuisset,
629 2221 696 2271 ut
719 2233 843 2271 eam
873 2215 1058 2290 ipsam
1087 2214 1299 2270 intueri
1328 2220 1385 2270 et
1412 2213 1731 2289 perspicere
1761 2212 1984 2269 eadem-

296 2314 408 2371 que
450 2294 674 2371 optima
715 2293 858 2351 duee
901 2313 1130 2351 cursum
1166 2294 1315 2350 vitae
1354 2291 1631 2349 conficere
1665 2310 1978 2369 possemne,

293 2373 453 2431 haud
486 2382 606 2431 erat
645 2393 778 2432 sane
814 2374 971 2451 quod
1005 2374 1309 2451 quisquam
1350 2372 1632 2429 rationem
1675 2391 1740 2428 ac
1776 2371 1984 2429 doct-ri-

294 2474 432 2511 nam
459 2455 785 2532 requireret.
871 2454 928 2511 N
930 2473 1042 2511 unc
1075 2453 1343 2530 parvulos
1375 2452 1545 2509 nobis
1574 2452 1735 2509 dedit
1762 2452 1984 2528 ignicu-

293 2534 400 2606 los,
427 2554 570 2612 quos
599 2534 855 2592 celeriter
886 2533 1053 2591 malis
1084 2533 1344 2590 moribus
1374 2532 1857 2610 opinionibusque
1887 2532 1982 2589 de-

294 2616 518 2693 pravati
548 2616 629 2672 sic
657 2613 1082 2690 restinguimuS,
1115 2622 1181 2671 ut
1214 2632 1494 2691 nusquam
1524 2620 1759 2670 naturae
1788 2612 1981 2669 lumen

295 2700 582 2771 appareat.
669 2694 819 2752 Sunt
840 2695 992 2752 enim
1023 2694 1271 2770 ingeniis
1298 2692 1511 2750 nostris
1540 2694 1758 2750 semina
1785 2694 1984 2750 innata

297 2777 592 2845 virtutum,
620 2794 764 2853 quae
793 2776 843 2831 si
875 2774 1196 2832 adolescere
1229 2774 1441 2844 liceret,
1466 2773 1591 2850 ipsa
1617 2792 1725 2829 nos
1752 2772 1827 2829 ad
1856 2772 1982 2829 bea-

295 2863 416 2913 tam
451 2857 629 2913 vitam
671 2862 874 2912 natura
915 2854 1268 2931 perduceret.
1355 2853 1408 2910 N
1415 2872 1525 2910 unc
1560 2860 1770 2945 autem,
1809 2852 1980 2908 simul

293 2944 469 3013 atque
499 2936 684 2993 editi
669 2955 729 2993 1n
761 2936 943 2993 lucem
975 2942 1034 2991 et
1062 2934 1313 3010 suscepti
1342 2953 1554 3001 sumuS,
1580 2934 1639 2989 in
1669 2932 1828 2989 omni
1852 2951 1981 2988 con-

294 3016 461 3074 tinuo
488 3017 772 3093 pravitate
801 3022 858 3072 et
891 3015 951 3071 in
987 3034 1212 3071 summa
1240 3014 1578 3090 opinionum
1609 3012 1979 3090 perversitate

293 3116 602 3168 versamur,
624 3103 690 3153 ut
710 3114 890 3173 paene
911 3114 1044 3151 cum
1066 3094 1225 3151 lacte
1232 3094 1471 3151 nutricis
1493 3112 1739 3149 errorem
1762 3090 1979 3147 suxisse

294 3176 606 3235 videamur.
678 3176 826 3233 Cum
859 3194 990 3231 vero
1019 3173 1354 3265 parentibus
1381 3172 1610 3243 redditi,
1642 3171 1775 3227 dein
1802 3170 1981 3246 magi-

294 3257 428 3317 stris
448 3255 646 3317 tradit-i
670 3274 882 3326 sumuS,
897 3262 1024 3329 tum
1048 3255 1131 3312 ita
1148 3253 1319 3312 variis
1341 3252 1656 3310 imbuimur
1678 3248 1976 3328 erroribuS‚
