2235 3581
199 171 294 218 104
421 167 1016 219 TUSCULANARUM
1062 167 1662 216 DISPUTATIONUM

197 291 331 330 cum
360 264 486 349 ipsa
513 270 825 329 solitudine
853 270 1012 347 loqui
1035 289 1204 346 saepe
1226 267 1489 338 delectat,
1512 276 1577 327 ut
1606 268 1701 326 illa
1730 269 1886 346 apud

197 352 450 410 Ennium
480 351 709 408 nutrix:

459 462 658 525 Cupido
680 461 811 525 cepit
833 461 1065 510 miseram
1090 477 1223 508 nunc
1245 475 1327 508 me
1350 459 1575 523 proloqui

460 529 612 577 Caelo
635 537 786 591 utque
811 537 972 576 terrae
995 526 1201 575 Medeai
1220 526 1458 574 miserias.

197 631 458 690 XXVII.
539 635 630 687 64.
676 629 838 686 Haec
867 628 1063 685 omnia
1089 635 1260 699 recta,
1287 647 1431 698 vera,
1458 627 1656 685 debita
1683 634 1887 704 putan-

198 720 286 770 tes
313 712 536 768 faciunt
568 711 629 766 in
665 709 878 779 dolore,
905 707 1268 785 maximeque
1302 707 1550 766 declarat
1584 707 1693 764 hoc
1725 708 1886 784 quasi

199 791 373 848 officii
401 790 615 848 iudicio
639 789 776 858 fieri,
804 790 976 866 quod,
1001 789 1050 845 si
1073 789 1172 865 qui
1194 789 1364 858 forte,
1390 808 1519 845 cum
1551 807 1609 845 se
1639 788 1698 843 in
1728 787 1885 845 luctu

199 891 320 928 esse
338 870 563 942 vellent,
589 869 806 948 aliquid
829 871 1089 927 fecerunt
1111 869 1419 926 humanius
1446 875 1547 926 aut
1575 868 1625 925 si
1652 867 1887 925 hilarius

199 951 380 1010 locuti
409 959 560 1023 sunt,
585 957 855 1008 revocant
888 970 947 1007 sc
981 968 1175 1007 rursus
1208 949 1282 1006 ad
1315 948 1661 1006 maestitiam
1692 967 1888 1025 pecca-

199 1032 360 1109 tique
390 1052 448 1090 se
477 1031 828 1102 insimulant,
851 1030 1008 1123 quod
1030 1028 1224 1086 dolere
1253 1028 1681 1086 intermiserint.
1742 1027 1888 1084 Pue-

201 1131 294 1169 ros
327 1132 460 1170 vero
496 1118 706 1168 matres
748 1119 806 1168 et
847 1110 1109 1187 magistri
1152 1110 1429 1185 castigare
1472 1109 1646 1166 etiam
1680 1108 1882 1180 solent,

201 1212 306 1250 nec
327 1191 514 1250 verbis
544 1192 747 1262 solum,
773 1191 873 1248 sed
901 1192 1075 1248 etiam
1095 1189 1441 1261 verberibuS,
1462 1189 1510 1246 si
1535 1188 1719 1266 quid
1704 1209 1765 1246 m
1786 1188 1887 1246 do-

202 1273 440 1331 mest-ico
471 1272 627 1330 luctu
661 1271 897 1329 hilarius
931 1269 1052 1328 ab
1037 1270 1107 1326 iis
1141 1271 1361 1327 factum
1396 1276 1484 1328 est
1517 1276 1617 1326 aut
1644 1269 1883 1341 dictum,

202 1353 424 1430 plorare
453 1359 685 1429 cogunt.
759 1351 947 1421 Quid.
931 1353 952 1394 ’δ
993 1351 1120 1428 ipsa
1147 1350 1406 1407 remissio
1435 1349 1623 1406 luctus
1645 1369 1774 1407 cum
1800 1356 1886 1406 est

201 1441 508 1491 consecuta
535 1432 1005 1508 intellectumque
1039 1437 1127 1488 est
1156 1430 1298 1487 nihil
1328 1429 1529 1507 profici
1558 1430 1883 1501 macrendO,

202 1533 394 1571 nonne
429 1534 517 1571 res
558 1512 806 1571 declarat
839 1512 1018 1569 fuisse
1061 1518 1251 1568 totum
1288 1510 1430 1568 illud
1463 1510 1887 1568 voluntarium?

203 1600 297 1652 65.
336 1595 493 1663 Quid
531 1594 624 1651 ille
658 1593 1036 1651 Terentianus
1079 1592 1202 1670 ipse
1244 1610 1303 1648 sc
1346 1591 1640 1669 poeniens,
1677 1591 1740 1649 id
1782 1598 1883 1662 cst,

201 1672 400 1733 ἑαυτὸν
422 1673 819 1751 τιμωρούμενος
837 1675 856 1731 2

430 1790 640 1840 Decrevi
666 1789 905 1853 tantisper
927 1805 1007 1839 me
1031 1788 1195 1837 minus
1217 1787 1441 1849 iniuriae,

430 1857 658 1918 Chreme,
683 1872 796 1906 meo
817 1867 972 1917 gnato
994 1856 1172 1916 facere,
1196 1854 1315 1903 dum
1339 1855 1456 1903 fiam
1483 1854 1648 1904 miser.

201 1960 318 2017 Hic
359 1958 616 2017 decernit
659 1965 724 2015 ut
763 1958 936 2015 miser
975 1958 1067 2016 sit.
1148 1956 1307 2014 Num
1346 1956 1475 2034 quis
1516 1957 1696 2034 igitur
1728 1957 1889 2035 quid-

202 2060 376 2119 quam
404 2040 943 2097 decernit·invitus2

455 2151 596 2200 Malo
619 2150 817 2214 quidem
843 2165 924 2199 me
945 2148 1119 2213 quovis
1142 2149 1349 2211 dignum
1372 2148 1623 2212 deputem.

203 2252 356 2311 Malo
387 2272 445 2310 se
467 2252 709 2330 dignum
740 2251 998 2328 deputat,
1023 2250 1136 2307 nisi
1162 2250 1337 2307 miser
1365 2250 1477 2307 sit‘.3
1542 2250 1724 2308 Vides
1752 2271 1889 2327 ergo

203 2334 494 2426 opinionis
529 2353 665 2404 esse,
699 2352 815 2389 non
849 2339 1084 2389 naturae
1117 2330 1351 2389 malum.
1431 2330 1601 2402 Quid,
1624 2351 1769 2408 quos
1803 2352 1891 2388 res

203 2415 329 2491 ipsa
355 2414 548 2490 lugere
567 2412 878 2505 prohibet?
920 2419 986 2470 ut
1019 2412 1174 2489 apud
1210 2411 1533 2468 Homerum
1570 2411 1819 2469 cot-idian
1827 2432 1891 2469 ie

203 2514 370 2551 neces
414 2494 792 2569 interitusque
834 2492 1149 2549 multorum
1200 2492 1555 2549 sedationem
1600 2492 1889 2549 maerendi

202 2575 489 2645 adferunt,
515 2573 670 2650 apud
699 2592 869 2649 quem
900 2573 983 2629 ita
1009 2572 1252 2629 dicitur:

333 2695 564 2757 Namque
587 2694 735 2742 nimis
758 2694 940 2742 multos
963 2704 1114 2757 atque
1138 2694 1272 2753 omui
1297 2693 1408 2742 luce
1432 2693 1665 2743 cudentes

332 2760 612 2817 Cernimus,
636 2771 689 2807 ut
711 2773 859 2807 nemo
883 2760 1037 2823 possit
1059 2775 1283 2807 maerore
1308 2775 1495 2807 vacare.

333 2827 447 2885 Quo
470 2825 629 2885 magis
653 2834 727 2873 est
749 2840 962 2887 aequum
989 2825 1192 2873 tumulis
1216 2825 1457 2873 mundare
1478 2834 1761 2889 peremptos

333 2892 506 2939 Firmo
529 2892 698 2939 auimo
719 2901 771 2939 et
793 2891 983 2939 luctum
1007 2891 1229 2939 lacrimis
1252 2891 1393 2939 finire
1416 2890 1621 2940 diurnis,

205 3009 299 3061 66.
345 3004 500 3080 Ergo
535 3004 594 3060 in
628 3009 914 3079 potestate
947 3011 1035 3060 est
1066 3002 1309 3060 abiicere
1344 3002 1621 3073 dolorem,
1641 3023 1772 3061 cum
1804 3024 1895 3063 ve-

203 3083 290 3156 lis,
311 3084 558 3161 tempori
582 3082 938 3140 servientem.
1008 3082 1104 3139 An
1128 3089 1216 3139 est
1237 3082 1417 3140 ullum
1439 3090 1895 3161 tempus—quo-

203 3164 356 3219 niam
395 3162 627 3238 quidem
671 3181 759 3218 res
800 3162 860 3217 in
901 3169 1098 3219 nostra
1139 3168 1426 3238 potestate
1468 3164 1729 3220 est—cui
1772 3184 1893 3223 non

203 3242 504 3319 ponendae
549 3261 715 3299 curae
771 3248 830 3297 ct
885 3241 1261 3316 aegritudinis
1316 3260 1485 3299 causa
1539 3244 1893 3303 serviamus?
