2235 3581
691 191 830 240 Lm.
871 192 938 252 1.,
970 190 1127 241 CAP.
1167 167 1625 241 xnffiL-xmx.
1938 189 2003 239 49

542 291 740 351 Ignaris
762 290 989 340 homines
1012 291 1064 338 in
1087 291 1193 339 vita
1214 291 1464 340 mentibus
1485 298 1683 340 errant:

547 357 844 420 Euthynous
867 357 1053 420 potitur
1074 357 1293 406 fatorum
1315 357 1519 406 numine
1540 357 1656 406 leto·

548 423 632 472 Sic
654 423 749 470 fuit
771 422 938 470 utilius
960 422 1092 470 finiri
1116 423 1311 486 ipsique
1334 423 1536 486 tibique.

321 574 348 625 1
363 570 453 626 16.
499 566 612 624 His
634 574 693 624 et
713 565 924 624 talibus
946 566 1277 624 auctoribus
1298 567 1387 624 usi
1409 565 1751 624 confirmant
1773 586 2001 625 causam

317 648 488 706 rebus
509 667 544 704 a
564 647 655 704 dis
675 647 1098 705 immortalibus
1120 647 1449 705 iudicatam.
1527 647 1859 705 Alcidamas
1880 649 2004 740 qui-

317 729 469 800 dem,
493 728 690 786 rhetor
710 728 980 805 antiquus
1008 728 1070 784 in
1091 727 1301 820 primis
1324 726 1551 799 nobilis,
1576 729 1805 805 scripsit
1826 729 2001 786 etiam

317 809 706 867 laudationem
746 808 967 880 mortiS,
987 827 1146 886 quae
1176 801 1415 865 coxistat
1460 827 1529 865 ex
1574 809 2003 866 enumeratione

319 889 699 946 humanorum
745 888 1044 946 malorum.
1124 887 1236 945 Cui
1279 888 1530 946 rationes
1570 908 1684 960 eae,
1724 907 1867 965 quae
1912 909 2004 946 ex-

319 969 586 1046 quisitius
619 989 654 1026 a
685 968 1050 1046 philosophis
1082 967 1451 1046 colliguntur,
1482 969 1810 1041 defuerunt,
1841 968 2004 1027 uber-

317 1058 406 1107 tas
451 1051 728 1107 orationis
775 1068 894 1106 non
943 1048 1171 1106 defuit..
1227 1048 1427 1108 Clarae
1463 1066 1597 1107 vero
1634 1057 1851 1108 mortes
1896 1069 2003 1126 pro

318 1129 504 1207 patria
532 1129 826 1207 oppetitae
855 1148 972 1185 non
1002 1129 1190 1186 solum
1218 1129 1500 1206 gloriosae
1533 1129 1876 1201 rhetoribuS,
1902 1131 2007 1188 sed

317 1211 495 1268 etiam
522 1209 721 1267 beatae
743 1209 926 1267 videri
955 1210 1155 1268 solent.
1240 1209 1536 1288 Repetunt
1558 1210 1629 1267 ab
1658 1209 2000 1281 ErechtheO,

319 1290 481 1348 cuius
525 1291 698 1348 etiam
741 1288 892 1347 filiae
925 1291 1133 1367 cupide
1174 1297 1423 1348 mortem
1466 1291 1862 1367 expetiverunt
1897 1310 2002 1368 pro

321 1371 438 1428 vita
465 1370 711 1428 civium:
749 1369 1023 1442 Codrum,
1051 1371 1150 1448 qui
1184 1389 1243 1428 se
1277 1371 1336 1427 in
1371 1371 1595 1427 medios
1627 1371 1871 1428 immisit
1903 1371 2005 1428 ho-

321 1458 440 1509 stes
459 1457 616 1509 veste
643 1451 927 1521 famulari,
952 1471 1024 1508 ne
1045 1457 1241 1528 posset
1275 1451 1526 1528 agnosci,
1552 1451 1599 1507 si
1629 1458 1777 1508 essct
1798 1458 2004 1508 ornatu

319 1532 496 1607 regiO,
530 1531 687 1609 quod
721 1530 1012 1589 oraculum
1047 1539 1169 1588 erat
1203 1530 1421 1602 datum,
1454 1531 1502 1587 si
1534 1549 1632 1588 rex
1666 1531 2004 1589 interfectus

320 1618 485 1683 esset,
509 1612 770 1670 victrices
799 1611 1058 1669 Athenas
1090 1611 1234 1668 fore.
1320 1611 1663 1668 Menoeceus
1695 1629 1812 1667 non
1846 1631 2005 1688 prae-

319 1692 678 1764 termittitur,
711 1693 809 1769 qui
854 1691 993 1750 item
1041 1691 1272 1749 oraculo
1312 1691 1471 1749 edito
1508 1692 1750 1768 largitus
1784 1700 1872 1750 est
1909 1711 2005 1769 pa-

319 1773 464 1831 triae
507 1793 675 1832 suum
727 1773 1079 1851 sanguinem.
1167 1771 1471 1851 Iphigenia
1511 1772 1725 1831 Aulide
1768 1772 1901 1831 duci
1944 1793 2004 1830 sc

320 1854 733 1912 immolandam
787 1854 964 1925 iubet,
995 1860 1062 1911 ut
1101 1852 1360 1911 hostium
1403 1898 1416 1911 .
1462 1897 1475 1911 .
1522 1897 1535 1911 .
1582 1852 1839 1911 eliciatur
1880 1874 2000 1912 suo·

320 1934 584 1994 Veniunt
624 1934 760 1992 inde
801 1934 875 1991 ad
915 1934 1203 2011 propiora.
1289 1932 1504 1991 XLIX.
1530 1933 1905 1992 Harmodius
1943 1935 2004 1991 in

321 2034 421 2073 ore
467 2010 596 2093 [est]
647 2022 707 2072 et
743 2014 1129 2092 Aristogiton,
1170 2013 1658 2071 Lacedaemonius
1702 2014 2002 2085 Leonidas,

321 2095 629 2153 Thebanus
650 2095 1082 2172 Epaminondas
1102 2094 1275 2171 viget.
1353 2094 1599 2152 Nostros
1626 2114 1743 2152 non
1772 2102 2002 2166 norunt,

323 2196 468 2253 quos
490 2194 819 2233 enumerare
848 2194 1123 2251 magnum
1154 2182 1274 2232 est:
1318 2175 1400 2231 ita
1428 2183 1563 2232 sunt
1590 2175 1774 2244 multi,
1798 2174 2006 2251 quibus

321 2257 584 2314 videmus
613 2254 894 2333 optabiles
920 2263 1137 2313 mortes
1166 2255 1343 2312 fuisse
1372 2274 1502 2311 cum
1533 2254 1763 2333 gloria.-

407 2337 538 2395 117.
577 2335 736 2404 Quae
770 2354 898 2393 cum
936 2336 1019 2392 ita
1051 2336 1184 2407 sirit,
1215 2352 1427 2411 magna
1458 2341 1651 2391 tamen
1681 2326 2008 2411 eloquentia

323 2424 411 2475 est
437 2416 716 2474 utendum
747 2423 918 2493 atque
952 2416 1035 2473 ita
1066 2416 1225 2473 velut
1258 2414 1546 2492 superiore
1575 2432 1606 2471 e
1633 2413 1761 2471 loco
1790 2414 2009 2471 contio-

322 2497 596 2568 nandum,
617 2504 683 2554 ut
710 2496 974 2554 homines
1001 2502 1248 2553 mortem
1271 2495 1359 2552 vel
1390 2501 1589 2571 optare
1616 2494 1899 2572 incipiant
1920 2495 2007 2553 vel

323 2585 474 2635 certe
517 2578 720 2634 timere
762 2576 1054 2634 desistant.
1142 2576 1293 2633 Na‘m
1328 2576 1377 2632 si
1418 2574 1851 2652 supremus·ille
1886 2574 2009 2644 dies

324 2676 442 2715 non
477 2657 934 2728 exstinctionem,
967 2656 1067 2713 sed
1101 2656 1615 2713 commutationem
1650 2656 1842 2714 adfert
1874 2655 2004 2728 loci,

325 2737 466 2815 quid
495 2737 842 2815 optabilius?
885 2737 969 2793 sin
1002 2743 1195 2794 autem
1226 2736 1459 2813 perimit
1487 2755 1551 2792 ac
1576 2735 1729 2793 delet
1751 2736 2005 2807 omnin0,

325 2817 468 2894 quid
498 2817 704 2875 melius
739 2836 908 2895 quam
945 2817 1006 2874 in
1050 2817 1257 2873 mediis
1286 2816 1437 2873 vit-ae
1480 2815 1771 2873 laboribus
1805 2816 2010 2873 obdor-

322 2898 562 2955 miscere
590 2904 648 2955 ct
681 2898 763 2955 ita
797 2897 1203 2954 conniventem
1238 2915 1443 2953 somno
1478 2897 1769 2973 consopiri
1804 2896 2009 2972 sempi-

323 2978 526 3035 terno?
602 2977 774 3045 Quod
824 2977 872 3033 si
920 2975 1037 3047 fiat,
1077 2977 1283 3034 melior
1331 2976 1507 3033 Ennii
1558 2996 1729 3054 quam
1781 2975 2009 3034 Solonis

324 3058 524 3115 orati0.
611 3057 728 3115 Hic
762 3058 916 3115 enim
951 3063 1176 3114 noster:

453 3204 618 3318 Νθὲῐιο
637 3218 721 3303 inc
743 3203 960 3253 lacrimis
984 3203 1199 3266 decoret,
1222 3204 1395 3267 inquit,
1418 3217 1510 3252 nec
1532 3202 1708 3252 funcra
1730 3200 1850 3250 fietu

565 3278 674 3319 axlt
691 3306 702 3319 .
