2235 3581
219 120 282 166 46
446 117 492 164 T
498 115 628 166 USC
632 116 826 164 ULAN
831 117 876 163 A
884 115 1037 164 RUM
1082 115 1245 164 DISP
1253 115 1441 164 U‘rA'r
1449 117 1465 163 1
1473 115 1569 164 ΟΝ
1571 115 1681 166 UM

219 239 328 276 nus
365 237 574 276 canum
619 217 763 274 illud
809 217 1018 274 scimus
1063 236 1201 288 esse,
1234 216 1334 273 sed
1376 237 1481 294 pro
1517 237 1619 276 sua
1660 218 1913 295 quisque

218 297 494 356 facultate
535 304 700 374 parat
733 316 767 354 a
800 297 1008 373 quibus
1047 295 1309 367 lanietur,
1346 316 1585 374 eamque
1621 298 1911 374 optimam

219 379 304 436 illi
337 398 458 434 esse
491 383 721 434 censent
759 377 1129 452 sepulturam.
1216 376 1511 436 Permulta
1543 377 1654 434 alia
1680 378 1911 454 colligit

220 459 598 535 ChrysippuS,
623 464 689 514 ut
717 465 804 514 est
832 458 892 513 in
921 457 1082 513 omni
1114 457 1356 514 historia
1384 458 1655 528 curiosuS,
1688 458 1788 515 sed
1821 460 1911 515 ita

219 545 404 596 taetra
430 546 564 595 sunt
594 537 890 614 quaedam,
922 544 988 594 ut
1021 556 1088 594 ea
1113 537 1304 613 fugiat
1333 544 1391 594 et
1418 537 1755 594 reformidet
1784 557 1911 596 ora-

219 620 320 675 tic.
406 617 590 675 Totus
638 618 816 694 igitur
862 617 957 674 hic
1005 617 1165 674 locus
1214 625 1301 674 est
1342 617 1794 675 contemnendus
1843 619 1908 685 in

221 698 405 768 nobiS,
427 717 543 755 non
573 697 962 774 neglegendus
991 697 1050 754 in
1079 697 1307 767 nostriS,
1329 697 1412 754 ita
1432 703 1641 768 tamen,
1664 704 1729 754 ut
1756 717 1908 755 mor-

221 788 450 835 tuorum
487 797 727 854 corpora
759 777 902 834 nihil
949 777 1159 834 sentire
1192 777 1309 833 vivi
1352 777 1679 834 sentiamus,
1769 784 1903 836 109.

221 853 514 926 Quantum
546 866 737 914 autem
769 857 1173 914 consuetudini
1194 857 1496 934 famaeque
1526 857 1777 915 dandum
1809 859 1903 929 sit,

221 939 282 994 id
311 945 510 995 curent
533 939 662 1006 vivi,
689 938 790 995 sed
817 938 914 1009 ita,
941 943 1006 994 ut
1034 937 1372 1014 intellegant
1398 937 1544 994 nihil
1565 938 1627 995 id
1654 938 1728 995 ad
1757 958 1906 995 mor-

220 1028 352 1075 tuos
379 1019 678 1095 pertinere.

301 1097 417 1154 Sed
444 1097 706 1174 profecto
736 1117 891 1154 mors
923 1105 1051 1155 tum
1085 1097 1429 1175 aequissimo
1460 1097 1652 1154 animo
1683 1098 1906 1174 oppeti-

220 1184 330 1246 tur,
356 1197 486 1234 cum
519 1178 636 1233 suis
665 1196 723 1234 se
758 1177 1022 1234 laudibus
1043 1177 1165 1234 vita
1196 1177 1463 1235 occidens
1497 1178 1777 1252 consolari
1807 1197 1905 1254 po-

220 1264 349 1314 test.
435 1256 624 1314 Nemo
657 1276 860 1333 parum
896 1257 997 1315 diu
1025 1258 1187 1328 vixit,
1226 1258 1325 1334 qui
1353 1257 1905 1334 virtutis'perfectae

221 1337 500 1413 perfecto.
526 1337 762 1394 functus
805 1344 892 1394 est
935 1357 1187 1394 munere.
1272 1337 1459 1394 Multa
1494 1337 1641 1394 mihi
1684 1338 1797 1414 ipsi
1832 1339 1906 1395 ad

221 1425 468 1474 mortem
502 1417 846 1493 tempestiva
877 1418 1129 1488 fuerunt,
1155 1436 1299 1494 quae
1333 1417 1552 1475 utinam
1583 1418 1905 1494 potuissem

222 1497 414 1555 obire!
497 1496 659 1555 Nihil
683 1498 834 1554 enim
858 1498 973 1554 iam
996 1497 1409 1574 acquirebatur,
1434 1497 1723 1555 cumulata
1741 1505 1907 1556 erant

222 1577 409 1635 officia
430 1578 595 1649 vitae,
621 1596 752 1654 cum
782 1578 1018 1634 fortuna
1050 1577 1198 1634 bella
1229 1577 1549 1635 restabant:
1613 1577 1743 1645 Qua
1767 1597 1827 1635 re
1856 1579 1907 1635 si

223 1658 348 1734 ipsa
375 1657 742 1715 ratiominus
764 1657 1019 1734 perficiet
1039 1664 1105 1714 ut
1126 1665 1373 1727 mortem
1397 1658 1698 1734 neglegere
1726 1659 1909 1735 possi-

222 1756 382 1795 mus:
429 1744 488 1795 at
516 1738 636 1795 vita
669 1745 804 1805 acta,
827 1736 1083 1815 perficiat
1117 1744 1183 1795 ut
1217 1737 1354 1795 satis
1388 1757 1668 1815 superque
1696 1738 1907 1796 vixisse

221 1817 531 1875 videamur.
610 1816 971 1894 Quamquam
1022 1818 1177 1875 enim
1211 1838 1424 1875 -sensus
1472 1817 1669 1890 aberit,
1709 1826 1905 1876 tamen

198 1898 338 1997 juis
367 1905 425 1954 et
453 1898 700 1974 propriis
733 1897 900 1954 bonis
933 1897 1120 1955 laudis
1148 1905 1206 1955 et
1236 1898 1465 1975 gloriae,
1492 1898 1752 1975 quamvis
1785 1918 1905 1956 non

223 1978 488 2047 sentiant,
520 1978 736 2035 mortui
770 1997 887 2034 non
923 1984 1131 2035 carent.
1216 1978 1344 2035 Etsi
1373 1979 1527 2035 enim
1556 1978 1700 2036 nihil
1730 1978 1907 2035 habet

221 2057 282 2114 in
311 2077 369 2114 se
397 2056 582 2133 gloria
609 2077 710 2115 cur
741 2065 1056 2133 expetatur,
1082 2065 1279 2115 tamen
1300 2059 1573 2116 virt-utem
1607 2066 1905 2135 tamquam

221 2137 425 2194 umbra
451 2138 723 2214 sequitur.
809 2138 1023 2196 XLVI.
1101 2143 1231 2196 110.
1264 2137 1485 2195 Verum
1515 2139 1905 2196 multitudinis

219 2215 498 2275 iudicium
534 2218 605 2275 de
641 2218 807 2275 bonis
841 2216 889 2275 si
924 2218 1154 2295 quando
1190 2224 1291 2289 est,
1327 2219 1513 2294 magis
1552 2217 1903 2276 laudandum

221 2306 308 2355 est
331 2318 502 2375 quam
532 2299 615 2355 illi
641 2299 719 2356 ob
743 2318 864 2356 eam
890 2318 1010 2355 rem
1033 2298 1202 2355 beati.
1289 2298 1422 2354 Non
1447 2318 1682 2376 possum
1711 2306 1902 2355 autem

221 2378 426 2449 dicere,
453 2398 684 2456 quoquo
718 2376 896 2437 modo
928 2379 1037 2449 hoc
1065 2378 1393 2455 accipietur,
1426 2378 1771 2455 Lycurgum,
1804 2378 1905 2435 So-

220 2457 411 2514 lonem
455 2459 649 2534 legum
690 2465 748 2515 et
790 2458 1052 2535 publicae
1097 2458 1433 2535 disciplinae
1467 2478 1654 2515 carere
1687 2458 1901 2535 gloria:

221 2536 684 2607 Themistoclem,
705 2537 1167 2614 Epaminondam
1188 2538 1421 2596 bellicae
1438 2539 1681 2596 virtutis
1746 2538 1904 2595 Ante

219 2617 373 2672 cuim
411 2616 699 2690 Salamina
740 2618 919 2693 ipsam
953 2616 1261 2695 Neptunus
1304 2618 1507 2676 obruet
1546 2639 1718 2696 quam
1755 2618 1907 2675 Sala-

221 2696 389 2753 minii
424 2697 644 2772 tropaei
685 2698 1042 2767 memoriam,
1078 2699 1351 2775 priusque
1385 2698 1633 2756 Boeotia
1664 2698 1907 2755 Leuctra

220 2775 496 2833 tollentur
517 2796 688 2853 quam
711 2796 938 2854 pugnae
961 2774 1296 2835 Leuctricae
1318 2778 1515 2855 gloria.
1602 2778 1790 2835 Multo
1812 2798 1906 2835 au-

215 2862 340 2913 tem
369 2857 590 2914 tardius
617 2857 776 2914 fama
803 2857 1024 2915 deseret
1046 2858 1303 2929 Curium,
1331 2858 1671 2929 Fabricium,
1697 2858 1907 2915 Calati-

220 2955 379 3009 num,
404 2937 520 2995 duo
549 2936 864 3014 ScipioneS,
896 2937 1012 2994 duo
1041 2937 1366 3008 AfricanOS,
1399 2938 1735 3008 Maximum,
1762 2938 1907 2998 Mar-

218 3016 767 3088 .ccllum,¹Paullum,
807 3016 1106 3081 Catonem,
1152 3016 1426 3087 Laelium,
1463 3018 1908 3075 innumerabiles

221 3094 651 3172 aliOS,'quorum
686 3095 1123 3153 similitudinem
1158 3096 1407 3173 aliquam
1439 3098 1538 3173 qui
1572 3098 1904 3175 adripuerit,

188 3247 193 3252 ι
221 3191 494 3229 non2eam
517 3174 674 3231 fama
704 3174 983 3251 populari,
1002 3175 1104 3231 sc'd
1124 3194 1256 3231 vera
1282 3175 1565 3233 bonorum
1594 3177 1763 3235 laude
1792 3198 1908 3235 me-
