2235 3581
605 508 684 566 M.
729 508 1074 578 TULLII
1135 508 1672 570 CICERONIS

283 591 1099 727 ThSGULANARUM
1178 651 1982 730 DlsPUTATmNUM

786 791 910 865 AD
972 793 1053 866 M.
1099 792 1498 866 BRUTUM

843 953 1068 1002 Limen
1099 953 1443 1014 QUARTUS

275 1087 391 1146 DE
431 1087 814 1158 RELIQUIS
850 1088 1099 1147 ANIMI
1137 1088 1990 1150 PERTURBATIONIBUS.

804 1337 1473 1386 ARGUMENTUM.

349 1435 531 1484 Cicero
566 1437 632 1484 de
665 1451 840 1485 severa
867 1437 1002 1484 vitae
1038 1437 1307 1499 disciplina
1345 1435 1479 1499 apud
1514 1436 1703 1498 priscos
1738 1437 1992 1486 Romanos

278 1502 470 1550 usitata
502 1503 760 1564 praefatus
797 1502 1040 1551 auditoris
1085 1502 1388 1550 sententiam
1432 1502 1659 1550 refellere
1703 1502 1993 1562 adgreditur

286 1568 483 1616 “omni
525 1568 903 1630 perturbatione
952 1583 1097 1630 posse
1149 1567 1426 1628 sapientem
1472 1582 1651 1615 vacare
1668 1565 1696 1587 ''
1741 1569 1983 1628 negantis.

279 1633 462 1681 Primo
497 1633 662 1681 adfert
695 1633 1086 1695 perturbationis
1121 1628 1469 1681 definitionem
1504 1634 1724 1681 Stoicam
1761 1642 1811 1681 et
1846 1644 1991 1696 quat-

280 1709 400 1747 tuor
421 1699 529 1747 eius
551 1713 754 1758 genera.
829 1699 1270 1747 Perturbationem
1294 1699 1432 1747 Zeno
1456 1698 1740 1747 Stoicorum
1761 1700 1991 1762 princeps

281 1765 486 1813 dixerat
508 1778 738 1813 aversam
762 1780 793 1813 a
815 1774 956 1814 recta
979 1765 1175 1813 ratione
1200 1773 1510 1827 naturaeque
1532 1765 1857 1825 incongruam
1882 1766 1990 1815 ani-

281 1831 354 1878 mi
389 1831 798 1879 commotionem.
873 1832 1054 1879 Partes
1087 1842 1259 1879 autem
1294 1830 1727 1893 perturbationum
1760 1832 1889 1879 duae
1922 1848 1989 1879 ex

282 1897 428 1945 bonis
456 1897 674 1959 opinatis
703 1906 1068 1956 memorantur,
1092 1896 1288 1944 laetitia
1315 1904 1366 1943 et
1394 1896 1563 1956 libido,
1585 1896 1714 1944 duae
1742 1912 1805 1944 ex
1830 1898 1988 1945 malo-

281 1978 399 2010 rum
432 1977 616 2022 errore,
642 1962 909 2023 aegritudo
941 1971 993 2010 et
1029 1972 1209 2021 metus,
1233 1962 1394 2025 iisque
1428 1962 1634 2021 singulis
1662 1964 1987 2023 perturbatio-

281 2029 430 2076 nibus
453 2044 575 2076 suae
602 2038 770 2089 partes
799 2028 1146 2087 subiiciuntur,
1170 2043 1278 2090 cap.
1304 2030 1413 2076 4-9.
1488 2027 1685 2076 Deinde
1713 2044 1809 2091 quo
1838 2029 1987 2075 modo

281 2095 394 2156 ipsa
419 2094 734 2155 perturbatio
761 2094 825 2141 ab
860 2094 1203 2153 aegrotatione
1238 2108 1325 2141 seu
1352 2094 1529 2141 morbo
1556 2093 1756 2142 differat
1782 2104 1834 2142 et
1860 2110 1987 2156 quae

282 2162 348 2207 sit
382 2160 436 2207 in
471 2159 568 2207 hoc
606 2174 790 2219 genere
822 2160 981 2206 animi
1015 2170 1067 2208 et
1102 2159 1324 2221 corporis
1368 2159 1640 2207 similitudo
1685 2160 1980 2221 ostenditur,

281 2241 392 2287 cap.
429 2227 603 2274 10-14.
677 2226 813 2273 Tum
841 2225 1119 2273 secundum
1146 2226 1430 2272 institutam
1453 2225 1795 2287 quaestionem
1827 2226 1985 2273 bret-is

282 2290 550 2338 subiicitur
583 2290 961 2349 demonstratio,
991 2290 1413 2352 perturbationem
1444 2305 1560 2337 cum
1596 2290 1838 2352 sapientia
1872 2307 1985 2339 eou-

281 2357 459 2404 sistere
487 2370 587 2402 non
616 2371 778 2418 posse,
808 2354 959 2415 longa
989 2366 1157 2403 autem
1186 2355 1457 2417 disputatio
1484 2364 1657 2403 contra
1684 2356 1984 2418 Peripateti-

281 2437 386 2480 cos,
408 2422 494 2484 qui
523 2421 924 2483 perturbationes
958 2422 1264 2469 necessarias
1297 2435 1423 2479 esse,
1458 2421 1705 2469 naturales
1740 2423 1983 2485 utilesque

281 2487 610 2543 contendunt,
636 2501 728 2533 nec
755 2485 1002 2534 tollendas
1029 2486 1241 2548 sapienti
1268 2496 1319 2533 et
1344 2486 1709 2548 exstirpandas,
1734 2488 1819 2535 sed
1844 2492 1983 2537 coer-

280 2552 470 2600 cendas
503 2561 556 2599 et
591 2552 927 2600 moderandas
962 2560 1206 2610 statuunt,
1230 2565 1338 2613 cap.
1367 2554 1539 2599 15-26.
1614 2552 1762 2601 Hauc
1794 2557 1983 2618 exeipit

279 2617 534 2679 expositio
559 2618 622 2665 de
645 2617 1077 2679 perturbationum
1101 2617 1375 2676 curatione,
1398 2631 1557 2679 eaque
1580 2617 1772 2667 diversa
1796 2636 1884 2682 pro
1908 2623 1983 2670 di-

280 2698 429 2731 versa
453 2682 886 2745 perturbationum
911 2691 1108 2730 natura.
1184 2682 1245 2729 Iu
1272 2690 1507 2743 quattuor
1530 2692 1697 2731 autem
1727 2688 1981 2747 perturba-

281 2748 504 2797 tionibus
529 2748 627 2795 illis
651 2747 886 2795 sedandis
909 2756 985 2795 est
1009 2762 1068 2795 ea
1091 2746 1328 2795 distincta
1350 2748 1508 2795 ratio:
1562 2749 1789 2799 Primum
1814 2763 1981 2803 utrum

279 2815 347 2862 ad
378 2814 662 2861 universam
691 2813 1133 2874 perturbationem,
1154 2820 1412 2875 tamquam
1438 2814 1815 2879 aegritudinem,
1839 2818 1981 2867 laeti-

281 2880 426 2939 tiam,
449 2894 514 2927 an
540 2878 605 2927 ad
629 2878 866 2938 singulas,
890 2877 942 2924 id
959 2886 1050 2931 est,
1068 2878 1253 2925 formas
1275 2878 1537 2938 generibus
1556 2881 1815 2942 subiectas,
1839 2885 1982 2933 adhi-

282 2946 478 3003 beatur,
500 2944 683 2992 deinde
705 2952 876 2990 utrum
894 2942 1012 2989 mali
1037 2942 1215 2989 bonive
1238 2943 1405 3005 opinio
1429 2959 1493 2991 an
1514 2944 1618 3005 ipsa
1643 2948 1847 2996 omnino
1868 2964 1981 3011 per·

283 3011 508 3057 turbatio
531 3008 753 3057 tollatur.
828 3006 927 3055 Sed
951 3018 1141 3054 certam
1168 3018 1217 3055 et
1244 3008 1494 3070 propriam
1518 3012 1826 3060 sanationem
1852 3030 1973 3077 esse,

283 3076 325 3122 si
349 3075 534 3123 doceas
555 3073 691 3135 ipsas
714 3072 1110 3134 perturbationes
1134 3088 1223 3133 per
1248 3088 1301 3120 se
1323 3087 1431 3120 esse
1455 3074 1657 3121 vitiosas
1680 3090 1771 3123 nee
1797 3077 1980 3131 habere

283 3140 563 3201 quidquam
587 3148 672 3185 aut
697 3136 924 3183 naturale
947 3147 1032 3181 aut
1054 3136 1403 3183 necessarium.
1461 3138 1687 3183 Alteram
1708 3152 1874 3190 autem
1901 3160 1979 3193 ra-

285 3206 493 3263 tionem,
517 3216 648 3264 quae
665 3198 815 3247 simul
834 3199 1117 3259 opinionem
1143 3199 1259 3253 boni
1282 3208 1373 3245 aut
1394 3198 1515 3243 mali
1538 3198 1695 3257 tollat,
1715 3216 1825 3250 esse
1840 3207 1978 3255 illam
