2235 3581
241 132 306 178 70
461 125 1051 178 TUSCULANARUM
1100 125 1264 176 DISP
1272 123 1705 174 UTATIONUM

241 231 434 301 situm,
459 249 562 286 sua
588 234 794 305 sponte
822 227 1140 285 laudabile:
1176 227 1335 304 quod
1358 226 1591 303 quidem
1614 225 1787 283 citius
1809 225 1931 282 dix·
1994 267 2001 272 .

241 310 380 367 erim
417 308 602 366 solum
638 327 810 385 quam
844 327 962 364 non
997 326 1287 364 summum
1323 306 1560 363 bonum.
1630 309 1829 383 Atque
1864 313 1931 364 ut

239 390 379 446 haec
419 389 491 446 de
527 388 790 458 honest0,
823 388 904 444 sic
945 387 1019 444 de
1059 387 1218 464 turpi
1260 387 1575 461 contraria:
1620 386 1763 443 nihil
1808 394 1928 444 tam

240 476 505 540 taetrum,
529 468 674 526 nihil
703 475 821 526 tam
845 467 1286 544 aspernandum,
1310 467 1456 524 nihil
1486 467 1721 524 homine
1743 467 1931 544 indig-

241 550 386 606 niuS.

322 629 415 686 47.
454 628 626 697 Quod
667 628 716 685 si
757 627 866 685 tibi
907 646 1241 704 persuasum
1284 626 1738 704 est—principio
1774 626 1928 684 enim

243 709 442 766 dixisti
469 709 599 786 plus
629 709 686 764 in
718 707 996 764 dedecore
1023 706 1163 764 mali
1190 707 1300 763 tibi
1329 706 1510 764 videri
1539 726 1711 783 quam
1740 707 1802 763 in
1832 707 1933 763 do-

242 788 727 865 lore—reliquum
751 795 837 844 est
861 796 924 844 ut
952 795 1078 844 tute
1098 787 1207 844 tibi
1237 787 1498 864 imperes.
1566 786 1929 864 Quamquam

243 869 354 926 hoc
383 869 574 926 nescio
599 888 712 945 quo
743 867 920 925 modo
949 867 1189 939 dicatur,
1216 867 1379 944 quasi
1406 867 1523 924 duo
1552 867 1749 937 simus
1770 874 1838 924 ut
1858 867 1935 922 al-

243 955 331 1005 ter
363 949 623 1025 imperet,
656 947 798 1006 alter
831 954 1044 1024 pareat,
1081 967 1201 1004 non
1234 947 1438 1004 inscite
1472 953 1665 1004 tamen
1700 946 1929 1004 dicitur.

245 1027 413 1086 XXI.
459 1028 564 1084 Est
585 1028 740 1085 enim
769 1029 995 1084 animus
1024 1028 1083 1084 in
1115 1034 1306 1104 partes
1334 1026 1587 1084 tributus
1615 1026 1773 1099 duaS,
1800 1047 1936 1104 qua-

246 1127 373 1165 rum
402 1107 578 1165 altera
604 1108 844 1164 rationis
867 1114 952 1164 est
976 1107 1277 1184 particepS,
1302 1106 1478 1164 alt-era
1506 1126 1720 1184 expers,
1781 1106 1933 1163 Cum

246 1189 424 1264 igitur
451 1188 814 1265 praecipitur,
847 1194 913 1245 ut
941 1187 1233 1244 nobismet
1262 1187 1402 1264 ipsis
1418 1175 1795 1264 *imperemus
1820 1187 1933 1244 hoc

246 1268 609 1346 praecipitur,
640 1274 707 1324 ut
750 1267 898 1324 rat-io
940 1273 1206 1324 coerceat
1244 1268 1645 1324 temeritatem.
1731 1267 1837 1324 Est
1871 1267 1933 1323 in

245 1349 454 1405 animis
487 1348 746 1404 omnium
781 1349 903 1405 fere
944 1355 1151 1405 natura
1190 1346 1363 1404 molle
1399 1347 1691 1424 quiddam,
1728 1347 1936 1404 demis-

248 1448 392 1499 sum,
439 1427 672 1499 humile,
719 1434 1049 1485 enervatum
1101 1427 1351 1504 quodam
1394 1426 1573 1484 modo
1616 1435 1673 1484 et
1716 1427 1937 1504 langui-

248 1509 403 1567 dum.
490 1508 553 1566 Si
581 1508 724 1565 nihil
755 1515 902 1565 esset
931 1507 1103 1578 aliud,
1129 1507 1273 1564 nihil
1306 1514 1454 1564 esset
1481 1507 1717 1565 homine
1747 1507 1937 1564 defor-

247 1590 414 1647 mius,
500 1589 615 1646 Sed
648 1596 874 1665 praesto
917 1595 1004 1645 est
1046 1587 1283 1644 domina
1325 1587 1585 1645 omnium
1623 1596 1680 1645 et
1718 1593 1932 1664 regina,

248 1670 412 1739 ratic,
451 1688 594 1745 quae
637 1669 882 1726 connixa
922 1688 1024 1745 per
1063 1687 1123 1725 se
1158 1675 1217 1726 et
1256 1687 1558 1744 progressa
1598 1668 1827 1745 longius
1869 1667 1938 1724 fit

248 1749 504 1826 perfecta
537 1749 732 1806 virtus
817 1748 978 1805 Haec
1021 1755 1087 1806 ut
1129 1749 1376 1827 imperet
1416 1748 1501 1806 illi
1541 1749 1693 1826 parti
1735 1749 1933 1819 animi,

249 1849 394 1905 quae
422 1828 654 1886 obedire
685 1828 871 1899 debet,
896 1828 958 1885 id
979 1829 1295 1887 videndum
1325 1836 1412 1887 est
1433 1830 1571 1887 viro,
1658 1834 1751 1886 48.
1784 1829 1937 1897 Quo-

249 1928 384 1965 nam
426 1909 640 1966 modo?
681 1910 920 1986 inquies,
990 1908 1102 1967 Vel
1138 1916 1204 1966 ut
1245 1909 1516 1966 dominus
1550 1929 1711 1967 servo
1746 1909 1833 1966 vel
1870 1917 1938 1967 ut

249 1988 562 2065 imperator
603 1989 775 2046 militi
810 1989 898 2046 vel
937 1995 1002 2046 ut
1039 2008 1246 2067 parens
1283 1988 1418 2047 filio.
1505 1989 1569 2046 Si
1607 1990 1937 2066 turpissime

250 2088 308 2125 se
338 2069 436 2125 illa
455 2088 586 2146 pars
615 2070 793 2126 animi
821 2076 998 2146 geret,
1025 2088 1197 2146 quam
1228 2069 1348 2126 dixi
1371 2089 1493 2127 esse
1521 2069 1772 2140 mollem,
1798 2069 1846 2125 si
1876 2088 1935 2127 se

249 2149 514 2207 lamentis
552 2148 908 2207 muliebriter
944 2149 1306 2225 lacrimisque
1344 2149 1532 2221 dedet,
1559 2150 1839 2207 vinciatur
1878 2157 1937 2206 et

248 2231 674 2308 constringatur
702 2230 1013 2287 amicorum
1045 2228 1617 2306 propinquorumque
1640 2229 1931 2287 custodiis,

250 2308 432 2386 Saepe
462 2312 614 2368 enim
640 2310 900 2368 videmus
928 2311 1145 2367 fractos
1172 2310 1410 2387 pudore,
1444 2309 1544 2386 qui
1571 2309 1793 2367 ratione
1815 2310 1937 2366 nul-

249 2389 304 2447 la
331 2384 706 2448 vincerentur.
791 2390 948 2468 Ergo
981 2390 1090 2447 hos
1126 2390 1378 2468 quidem,
1413 2397 1481 2446 ut
1512 2389 1780 2460 famnIOS,
1817 2392 1939 2446 vin-

249 2469 352 2527 clis
373 2490 554 2548 prope
575 2490 641 2527 ac
663 2471 953 2528 custodia:
991 2472 1090 2549 qui
1112 2479 1305 2528 autem
1334 2476 1503 2528 erunt
1529 2468 1811 2527 firmiores
1832 2489 1937 2527 nec

251 2557 445 2608 tamen
471 2550 872 2621 robustissimi,
896 2550 1003 2608 hos
1025 2550 1326 2608 admonitu
1351 2550 1644 2626 oportebit
1664 2556 1731 2607 ut
1752 2549 1940 2607 bonos

247 2630 462 2687 milites
503 2638 800 2689 revocatos
842 2631 1185 2706 dignitatem
1229 2630 1393 2688 tueri.
1480 2630 1539 2687 N
1541 2650 1615 2687 on
1660 2630 1835 2687 nimis
1876 2630 1935 2686 in

251 2708 476 2787 Niptris
504 2709 599 2767 ille
635 2711 1089 2787 sapientissimus
1110 2710 1381 2768 Graeciae
1416 2710 1639 2770 saucius
1666 2710 1941 2769 lamenta-

250 2796 345 2848 tur
366 2790 454 2847 vel
482 2789 708 2847 modice
737 2791 966 2868 potius:

579 2934 962 2997 Pedetemptim‚
985 2935 1157 2998 inquit,
1182 2944 1231 2984 et
1254 2936 1425 2986 sedato
1452 2936 1579 2999 nisu,

578 3002 658 3049 Ne
681 3016 912 3049 succussu
937 3000 1152 3063 adripiat
1174 3002 1333 3049 maior

579 3066 751 3114 Dolor.

255 3198 347 3250 49.
396 3194 677 3252 Pacuvius
711 3194 820 3250 hoc
857 3192 1058 3249 melius
1094 3213 1261 3269 quam
1301 3194 1643 3270 Sophocles:
1687 3197 1843 3272 apud
1879 3198 1941 3254 il-
