2235 3581
237 141 304 186 30
461 139 638 188 TUSC
645 137 1051 187 ULANARUM
1095 137 1261 187 DISP
1268 136 1701 187 UTATIONUM

237 239 449 316 partim
505 239 579 295 ad
633 239 820 296 cultus
875 257 1161 314 agrorum,
1197 238 1407 315 partim
1464 238 1538 295 ad
1576 238 1919 311 vehendum,

237 319 447 396 partim
503 319 577 376 ad
631 338 872 396 corpora
913 319 1222 390 vestienda,
1269 319 1679 395 hominemque
1728 319 1922 394 ipsum

237 399 398 476 quasi
427 399 941 476 contemplatorem
969 399 1110 456 caeli
1139 419 1204 456 ac
1232 406 1509 456 terrarum
1539 398 1817 459 cultorem
1840 407 1922 456 at-

238 498 347 555 que
384 478 636 536 hominis
678 479 918 536 utilitati
958 499 1127 556 agros
1160 498 1360 535 omnes
1402 485 1461 536 et
1500 479 1683 535 maria
1722 497 1921 554 paren-

235 560 429 616 tia—2
496 559 587 616 70.
641 560 782 617 haee
822 560 1001 636 igitur
1041 566 1100 616 ct
1144 559 1255 615 alia
1307 557 1745 616 innumerabilia
1786 577 1919 616 cum

234 639 535 710 cernimm,
571 659 950 716 possumusne
985 637 1247 695 dubitare
1282 638 1421 714 quin
1455 638 1527 694 iis
1568 639 1783 714 praesit
1822 638 1920 695 ali-

235 719 364 796 quis
406 719 493 776 vel
536 720 790 790 effector,
827 719 876 776 si
917 718 1055 776 haec
1097 725 1233 774 nata
1274 724 1424 789 sunt,
1458 725 1523 774 ut
1565 717 1797 775 Platoni
1838 719 1919 774 vi-

234 799 417 870 detur,
461 798 566 870 vel,
613 800 661 856 si
703 818 928 876 semper
967 799 1218 868 fuerunt,
1263 805 1329 854 ut
1366 797 1669 854 Aristoteli
1711 798 1913 874 placet,

232 879 562 936 moderator
610 879 758 936 tanti
807 879 996 955 operis
1038 885 1096 935 et
1146 878 1434 936 muneris?
1517 877 1613 934 Sic
1660 886 1914 935 mentem

233 957 500 1030 hominiS,
539 959 799 1034 quamvis
833 978 959 1016 eam
993 978 1108 1014 non
1140 958 1349 1029 videaS,
1385 965 1452 1015 ut
1484 958 1657 1015 deum
1693 977 1809 1014 non
1839 957 1916 1014 vi·

233 1037 349 1108 dee,
381 1044 593 1108 tamen,
624 1045 692 1094 ut
725 1038 896 1096 deum
931 1038 1195 1114 agnoscis
1238 1058 1307 1096 ex
1348 1037 1619 1115 operibus
1660 1038 1797 1109 eiuS,
1835 1039 1915 1094 sic

233 1137 302 1173 ex
328 1118 606 1175 memoria
633 1136 822 1174 rerum
851 1125 910 1174 et
942 1118 1275 1175 inventione
1310 1126 1368 1175 et
1401 1118 1689 1176 celeritate
1720 1126 1915 1175 motus

233 1198 504 1274 omnique
538 1197 967 1274 pulchritudine
1001 1197 1230 1255 virtutis
1266 1199 1381 1254 vim
1412 1199 1665 1274 divinam
1704 1199 1915 1256 mentis

231 1277 543 1354 agnoseitO.

309 1356 540 1415 XXIX.
586 1357 656 1414 In
693 1377 808 1434 quo
842 1358 1020 1434 igitur
1051 1358 1181 1416 loco
1216 1360 1340 1416 est?
1413 1358 1601 1416 Credo
1645 1323 1924 1436 equidem·

230 1437 291 1493 in
320 1438 525 1514 capite,
559 1444 617 1495 et
645 1457 746 1495 cur
774 1439 1000 1496 credam
1036 1439 1259 1496 adferre
1288 1458 1540 1516 possum.
1626 1438 1743 1496 Sed
1776 1439 1913 1496 alias

229 1517 330 1574 ubi
359 1519 434 1575 sit
462 1519 704 1590 animuS,
737 1526 888 1576 certe
923 1519 1158 1597 quidem
1191 1519 1252 1576 in
1286 1526 1345 1576 te
1380 1527 1479 1576 est.
1544 1518 1717 1590 ,Quae
1746 1526 1832 1576 est
1860 1521 1912 1577 ei

229 1599 464 1656 natura?
545 1599 790 1676 Propria
817 1607 960 1676 puto
990 1605 1049 1656 et
1077 1618 1192 1656 sua.
1278 1598 1394 1657 Sed
1421 1601 1515 1656 fac
1542 1599 1787 1675 igneam,
1820 1599 1913 1657 fac

230 1678 591 1752 spirabilem:
633 1679 776 1735 nihil
800 1678 872 1736 ad
900 1679 978 1750 id,
1004 1679 1076 1736 de
1099 1698 1214 1755 quo
1238 1679 1477 1756 agimus,
1562 1679 1714 1736 Illud
1734 1680 1912 1737 modo

229 1757 440 1829 videt0‚
470 1765 539 1816 ut
571 1758 754 1816 deu'm'
779 1759 953 1830 noriS,
985 1759 1091 1817 etsi
1122 1759 1245 1818 eius
1278 1761 1505 1838 ignores
1538 1766 1597 1817 et
1628 1759 1821 1817 locum
1854 1767 1915 1819 et

229 1837 455 1909 faeiem,
488 1838 568 1896 sic
603 1840 861 1897 animum
895 1839 1003 1896 tibi
1035 1847 1204 1898 tuum
1238 1850 1444 1898 notum
1478 1860 1599 1898 esse
1618 1848 1910 1918 oportere,

229 1918 403 1974 etiam
433 1918 482 1975 si
509 1919 739 1995 ignores
760 1926 819 1976 et
845 1920 1036 1977 locum
1060 1927 1117 1977 et
1146 1920 1411 1978 formam.
1498 1920 1589 1977 71.
1636 1920 1705 1977 In
1734 1922 1914 1979 animi

229 2004 424 2055 autem
453 2000 785 2075 cognitione
815 2000 1078 2057 dubitare
1106 2020 1224 2057 non
1252 2019 1573 2077 possumuS,
1605 2002 1715 2057 nisi
1744 2001 1913 2078 plane

229 2077 290 2133 in
319 2076 574 2154 physicis
601 2078 859 2155 plumbei
887 2100 1100 2150 sumuS,
1134 2081 1271 2157 quin
1301 2080 1445 2137 nihil
1476 2081 1551 2137 sit
1577 2081 1785 2138 animis
1818 2082 1914 2138 ad-

179 2200 200 2213 *
228 2157 494 2229 mixtum,
526 2158 669 2215 nihil
705 2167 1052 2230 concretum,
1084 2159 1229 2217 nihil
1264 2160 1611 2237 copulatum,
1643 2160 1786 2220 nihil
1822 2180 1915 2218 co-

229 2244 642 2313 agmentatum,
673 2239 819 2297 nihil
854 2240 1082 2317 duplex.
1162 2240 1333 2308 Quod
1368 2259 1497 2297 cum
1528 2241 1609 2297 ita
1638 2241 1728 2311 sit,
1761 2248 1913 2299 certe

228 2335 334 2373 nec
369 2319 584 2375 secerni
613 2338 716 2377 nec
751 2321 933 2377 dividi
968 2340 1070 2377 nec
1113 2320 1359 2396 discerpi
1400 2339 1506 2377 nec
1540 2321 1780 2377 distrahi
1812 2341 1914 2398 po-

228 2403 358 2466 test,
395 2416 468 2453 ne
501 2399 732 2455 interire
768 2400 1000 2476 quidem
1035 2400 1228 2477 igitur.
1315 2400 1422 2457 Est
1455 2401 1608 2457 enim
1645 2401 1912 2458 interitus

231 2477 392 2551 quasi
427 2477 706 2534 discessus
739 2485 798 2535 et
831 2479 1070 2535 secretio
1105 2498 1171 2535 ac
1206 2479 1526 2556 diremptus
1561 2499 1752 2537 earum
1788 2500 1913 2557 par-

228 2556 394 2626 tium,
431 2575 574 2632 quae
601 2564 734 2613 ante
768 2558 1064 2615 interitum
1101 2559 1394 2616 iunctione
1428 2560 1619 2636 aliqua
1645 2560 1914 2617 teneban-

204 2641 337 2691 atur.

310 2714 422 2769 His
448 2722 523 2771 'et
563 2714 775 2771 talibus
815 2716 1136 2772 rationibus
1178 2717 1461 2775 adductus
1503 2716 1765 2775 Socrates
1806 2738 1912 2775 nec

227 2802 534 2869 patronum
579 2795 858 2871 quaesivit
899 2796 973 2852 ad
1015 2796 1292 2853 iudicium
1336 2798 1540 2874 capitis
1574 2816 1677 2854 nec
1711 2797 1913 2855 iudici-

229 2872 334 2930 bus
369 2874 609 2950 supplex
651 2874 767 2931 fuit
805 2875 1183 2952 adhibuitque
1218 2875 1455 2933 liberam
1488 2878 1911 2934 contumaciam

227 2972 261 3009 a
287 2954 686 3029 magnitudine
715 2956 892 3011 animi
928 2956 1177 3025 ductam,
1210 2974 1327 3011 non
1356 2977 1389 3013 a
1418 2956 1699 3033 superbia,
1730 2964 1789 3014 et
1823 2976 1914 3013 su—

226 3052 426 3108 premo
451 3034 599 3091 vitae
623 3034 714 3089 die
745 3034 950 3091 dehoc
978 3036 1105 3110 ipso
1135 3035 1319 3091 multa
1347 3036 1613 3093 disseruit
1635 3044 1692 3092 et
1713 3038 1911 3113 paucis

226 3119 358 3168 ante
389 3112 606 3183 diebus,
639 3132 767 3169 cum
803 3114 972 3169 facile
1007 3121 1203 3189 posset
1236 3113 1403 3171 educi
1436 3134 1469 3171 e
1503 3115 1779 3187 custodia,
1811 3135 1911 3173 no-

224 3190 334 3247 luit
363 3199 420 3248 et
448 3197 571 3248 tum
604 3211 782 3268 paene
821 3193 874 3247 in
913 3211 1085 3248 manu
1122 3192 1237 3249 iam
1264 3194 1627 3251 mortiferum
1659 3194 1802 3251 illud
1831 3203 1910 3253 te-
