2235 3581
285 167 378 214 184
507 166 1098 218 TUSCULANARUM
1142 168 1741 232 DISPUTATIONJJM

282 268 648 326 mescendum
684 269 795 327 sit?
876 269 1175 342 Exsilium,
1207 271 1394 342 cred0,
1421 272 1579 348 quod
1605 272 1666 328 in
1700 272 1968 328 maximis

282 347 446 404 malis
487 346 729 406 ducitur.
816 348 886 407 Id
927 351 975 407 si
1019 357 1257 427 propter
1297 351 1539 408 alienam
1586 358 1645 409 et
1686 352 1965 409 offensam

281 427 483 503 populi
516 428 871 486 voluntatem
912 430 1129 487 malum
1164 437 1269 501 est,
1302 450 1473 508 quam
1508 431 1584 489 sit
1617 451 1687 489 ea·
1716 439 1969 489 contem-

283 507 472 564 nenda
514 509 707 584 paullo
756 517 892 566 ante
931 510 1154 567 dictum
1201 518 1302 568 est.
1388 510 1491 568 Sin
1541 510 1736 568 abesse
1782 513 1969 588 patria

280 586 553 644 miserum
594 595 698 659 est,
730 588 930 664 plenae
972 591 1311 648 miserorum
1346 591 1671 667 provinciae
1714 598 1865 663 sunt,
1897 611 1963 651 ex

281 665 490 742 quibus
535 666 850 725 admodum
892 669 1062 745 pauci
1109 670 1171 726 in
1212 670 1459 747 patriam
1507 677 1968 729 revertuntur.—

277 751 361 807 At
399 751 717 808 multantur
754 751 924 809 bonis
973 749 1429 808 exsules—107.
1468 749 1625 818 Quid
1660 753 1826 809 tum?
1874 771 1971 828 pa-

277 848 478 887 rumne
505 830 691 888 multa
717 830 790 887 de
811 830 1107 888 toleranda
1134 836 1471 907 paupertate
1492 831 1800 889 dicuutur?
1844 830 1969 888 Iam

281 929 412 966 vero
463 910 744 980 exsilium,
781 912 829 967 si
873 930 1059 968 rerum
1107 917 1389 981 naturam,
1422 930 1541 968 uon
1583 912 1965 987 ignominiam

277 989 533 1046 nominis
555 991 895 1066 quaerimus,
919 998 1197 1067 quantum
1220 990 1455 1048 tandem
1485 1011 1520 1048 a
1547 998 1823 1068 perpetua
1846 1011 1966 1068 per-

278 1069 634 1144 egrinatione
676 1070 909 1128 differt?
950 1071 1009 1127 in
1054 1090 1169 1148 qua
1208 1077 1423 1128 aetates
1465 1090 1594 1128 suas
1632 1070 1967 1148 philosophi

278 1148 621 1208 nobilissimi
653 1159 1147 1227 consumpserunt,
1178 1151 1549 1222 XenocrateS,
1575 1150 1836 1222 Crantor,
1862 1152 1968 1207 Ar-

278 1228 492 1302 cesilas,
510 1229 782 1306 Lacydes,
803 1230 1163 1302 Aristoteles,
1183 1230 1631 1308 TheophrastuS,
1652 1230 1823 1302 Zen0,
1844 1230 1968 1288 Ole-

279 1310 497 1381 antheS,
523 1310 900 1387 ChrysippUS,
925 1311 1252 1387 Antipater,
1278 1311 1615 1381 CarneadeS,
1637 1310 1964 1382 PanaetiUS‚

279 1389 688 1462 Clitomachus,
720 1389 910 1462 Philo,
934 1390 1278 1461 Antiochu8‚
1311 1390 1675 1461 PosidoniuS,
1710 1392 1968 1448 innume-

278 1469 483 1527 rabiles
524 1470 636 1542 alii,
670 1471 769 1547 qui
803 1470 975 1528 semel
1012 1471 1224 1546 egressi
1256 1489 1572 1548 numquam
1607 1471 1847 1528 domum
1886 1491 1968 1528 re-

279 1557 585 1608 verterunt.
669 1551 754 1607 At
795 1552 948 1608 enim
993 1551 1115 1608 sine
1156 1551 1478 1628 ignominia
1511 1548 1549 1585 ⁴*
1583 1548 1621 1585 ⁴*
1655 1548 1693 1585 ⁴*
1726 1550 1967 1608 adficere

279 1631 630 1707 sapientem:
674 1630 747 1687 de
781 1631 1037 1708 sapiente
1065 1631 1221 1688 enim
1249 1629 1391 1688 haec
1424 1630 1613 1688 omnis
1646 1631 1831 1688 oratio
1860 1637 1964 1703 est,

279 1711 370 1767 cui
398 1711 521 1768 iure
548 1710 611 1767 id
632 1710 884 1768 accidere
912 1729 1030 1768 non
1052 1711 1269 1788 possit:
1306 1730 1437 1768 nam
1461 1711 1585 1767 iure
1613 1710 1965 1768 exsulantem

279 1790 561 1849 consolari
607 1810 726 1848 nou
775 1797 1021 1868 oportet.
1112 1796 1243 1849 108.
1290 1790 1595 1849 Postremo
1643 1792 1719 1849 ad
1767 1810 1968 1849 omnes

278 1890 440 1928 casus
472 1870 747 1928 facillima
786 1872 933 1929 ratio
979 1878 1066 1929 est
1106 1891 1323 1943 eorum,
1357 1872 1454 1949 qui
1496 1872 1573 1929 ad
1608 1871 1964 1948 voluptatem

278 1970 346 2007 ea
385 1951 657 2019 referunt,
691 1970 834 2028 quae
877 1958 1195 2028 sequuntur
1225 1952 1288 2008 in
1322 1952 1457 2023 vita,
1488 1958 1571 2022 ut,
1605 1970 1967 2030 quocumque

277 2030 419 2088 haec
453 2032 581 2089 loco
621 2031 969 2108 suppeditet,
1002 2031 1086 2089 ibi
1116 2031 1285 2089 beate
1320 2039 1533 2108 queant
1569 2031 1767 2089 vivere.
1854 2031 1967 2088 Ita-

279 2130 389 2188 que
439 2111 512 2168 ad
554 2131 786 2169 omnem
831 2112 1112 2170 rationem
1148 2111 1355 2169 Teucri
1388 2131 1501 2170 vox
1543 2110 1964 2170 accommodari

278 2197 504 2267 potest:

679 2286 852 2334 Patria
873 2295 964 2347 est,
987 2288 1288 2351 ubicumque
1311 2296 1387 2337 est
1410 2288 1551 2337 bene.

278 2432 540 2489 Socrates
573 2431 808 2508 quidem
851 2450 981 2489 cum
1017 2438 1313 2509 rogaretur
1348 2432 1598 2490 cuiatem
1634 2450 1693 2489 se
1726 2450 1848 2489 esse
1882 2432 1965 2490 di·

277 2518 446 2582 ceret,
470 2511 504 2538 ‘⁴
524 2510 882 2569 Mundanum
902 2511 936 2539 ''
959 2512 1166 2589 inquit.
1251 2510 1457 2570 Totius
1487 2512 1640 2570 enim
1668 2512 1873 2569 mundi
1902 2533 1963 2570 se

276 2591 523 2649 incolam
563 2597 622 2648 et
654 2592 836 2649 civem
879 2592 1276 2650 arbitrabatur.
1361 2591 1516 2661 Quid
1549 2592 1615 2650 T.
1646 2591 1963 2650 Albucius?

276 2691 468 2729 nonne
501 2671 695 2729 animo
733 2672 1078 2749 aequissimo
1113 2672 1362 2729 Athenis
1402 2672 1561 2729 exsul
1594 2671 1964 2750 philosopha-

277 2751 480 2809 batur?
521 2752 614 2809 cui
636 2758 829 2809 tamen
858 2751 1000 2809 illud
1029 2752 1220 2829 ipsum
1250 2770 1367 2809 non
1396 2752 1713 2824 accidisset,
1734 2752 1782 2809 si
1809 2752 1872 2809 in
1899 2771 1962 2809 re

276 2831 506 2908 publica
553 2832 850 2910 quiescens
893 2832 1131 2909 Epicuri
1172 2831 1397 2909 legibus
1439 2832 1733 2911 paruisset.
1823 2837 1955 2889 109.

277 2911 390 2980 Qui
433 2911 588 2969 enim
628 2911 850 2969 beatior
882 2911 1181 2988 Epicurus,
1215 2913 1370 2989 quod
1411 2913 1471 2970 in
1513 2913 1701 2989 patria
1731 2910 1962 2969 vivebat

278 3010 450 3068 quam
494 2991 652 3068 quod
682 2990 932 3049 Athenis
971 2990 1373 3050 Metrodorus?
1417 3000 1517 3050 aut
1554 2993 1724 3051 Plato
1766 2990 1963 3049 Xeno-

277 3078 489 3129 cratem
533 3071 798 3129 vincebat
844 3077 945 3128 aut
988 3070 1231 3129 Polemo
1277 3072 1608 3144 Arcesilam,
1651 3092 1766 3150 quo
1812 3079 1962 3130 esset

277 3149 529 3208 beatior?
611 3150 829 3219 Quanti
856 3170 989 3208 vero
1018 3150 1131 3209 ista
1156 3151 1356 3211 civitas
1384 3151 1739 3210 aestimanda
1764 3158 1867 3223 est,
1890 3172 1959 3210 ex

279 3248 391 3305 qua
421 3230 562 3288 boni
603 3230 999 3307 sapientesque
1038 3231 1369 3308 pelluntur?
1450 3232 1796 3291 Damaratus
1839 3232 1960 3307 qui-
