2235 3581
263 149 330 194 90
489 145 1084 196 TUSCULANARUM
1128 146 1291 196 DISP
1299 146 1615 196 UTATION
1623 147 1727 196 UM

262 251 346 308 tia
373 257 525 322 sunt,
557 257 827 328 totusque
862 249 1022 321 liber,
1056 250 1157 326 qui
1190 256 1278 308 est
1310 250 1383 307 de
1418 269 1645 306 summo
1668 250 1839 322 bono,
1870 271 1951 309 re-

262 331 446 388 fertus
469 342 527 388 et
550 331 735 388 verbis
757 338 816 387 et
838 331 1137 387 sententiis
1159 329 1385 388 talibus,
1462 334 1555 388 43.
1588 329 1689 388 Ad
1704 330 1949 390 hancine

261 412 441 487 igitur
463 412 639 468 vitam
661 411 1030 468 Telamonem
1061 409 1224 468 illum
1254 410 1563 482 revocabis
1589 418 1654 468 ut
1681 411 1835 470 leves
1860 432 1951 470 ae—

257 491 631 568 gritudinem,
657 499 716 548 et
743 491 792 547 si
815 511 982 568 quem
1016 499 1249 549 tuorum
1272 490 1567 548 adflictum
1598 510 1853 550 maerore
1870 494 1949 550 vi-

259 572 428 643 deris,
455 572 587 630 huic
622 571 1004 648 acipenserem
1040 570 1237 648 potius
1266 589 1439 648 quam
1474 570 1723 649 aliquem
1753 571 1948 631 Socra-

257 653 441 709 ticum
476 652 732 710 libellum
769 651 970 708 dabis?
1012 650 1280 728 hydrauli
1318 649 1619 710 hortabere
1653 659 1718 710 ut
1749 653 1948 711 audiat

258 752 427 791 voces
465 733 662 810 potius
695 751 870 810 quam
913 731 1213 789 Platonis?
1254 750 1506 808 expones
1540 751 1684 810 quae
1726 741 1947 810 spectet

256 812 463 870 florida
489 820 549 872 et
576 813 767 871 varia?
808 811 1146 870 fasciculum
1168 811 1243 868 ad
1272 831 1434 869 nares
1460 812 1831 872 admovebis?
1863 814 1947 871 in-

257 893 466 950 cendes
499 893 742 952 odores?
785 893 950 950 sertis
983 892 1243 950 redimiri
1276 891 1500 950 iubebis
1542 901 1599 950 et
1634 895 1799 952 rosa?
1880 894 1945 952 Si

257 993 391 1030 vero
425 974 645 1050 aliquid
681 973 855 1032 etiam
897 1018 913 1031 .
959 1016 974 1031 .
1022 1015 1057 1039 .,
1093 980 1216 1030 tum
1256 973 1425 1050 plane
1457 973 1678 1032 luctum
1714 993 1943 1032 omnem

253 1053 586 1112 absterseris
603 1055 623 1112 2

337 1133 504 1192 XIX.
591 1139 686 1192 44.
732 1133 894 1192 Haec
923 1134 1178 1211 Epicuro
1205 1133 1536 1192 confitenda
1566 1141 1703 1191 sunt
1730 1141 1832 1192 aut
1860 1154 1941 1206 ca,

255 1234 402 1291 quae
420 1215 598 1272 modo
621 1234 888 1292 expressa
914 1214 988 1272 ad
1007 1213 1245 1272 verbum
1274 1215 1413 1286 dixi,
1435 1214 1690 1272 tollenda
1705 1215 1779 1273 de
1796 1214 1943 1272 libro

256 1294 345 1351 vel
373 1302 533 1352 totus
566 1294 712 1352 liber
745 1295 940 1372 potius
971 1294 1369 1352 abiiciundus:
1413 1301 1501 1352 est
1534 1295 1689 1351 enim
1722 1296 1945 1352 confer-

254 1383 350 1431 tus
379 1374 789 1452 voluptatibus,
863 1375 1269 1444 Quaerendum
1303 1375 1483 1451 igitur
1516 1393 1686 1452 quem
1714 1375 1789 1432 ad
1824 1395 1943 1432 mo-

253 1455 395 1512 dum
425 1456 784 1534 aegritudine
811 1457 1102 1533 privemus
1132 1475 1281 1527 eum,
1303 1455 1403 1532 qui
1430 1456 1515 1512 ita
1541 1456 1726 1514 dicat:

353 1598 365 1609 .
409 1599 422 1610 .
464 1599 476 1610 .
517 1561 613 1610 Pol
635 1561 759 1609 mihi
783 1561 984 1608 fortuna
1007 1560 1169 1621 magis
1190 1574 1323 1608 nunc
1345 1559 1467 1608 defit
1487 1573 1638 1621 quam
1660 1574 1833 1620 genus,

353 1627 585 1690 Namque
607 1641 816 1686 regnum
839 1627 1134 1689 suppetebat
1155 1626 1242 1685 mi,
1266 1639 1323 1673 ut.
1346 1626 1475 1672 scias
1497 1635 1684 1686 quanto
1706 1641 1737 1674 e
1758 1625 1885 1686 loce,

351 1692 566 1752 Quantis
589 1693 778 1755 opibus,
801 1693 978 1755 quibus
1001 1691 1066 1740 de
1088 1691 1235 1740 rebus
1258 1691 1399 1753 lapsa
1421 1691 1620 1739 fortuna
1642 1691 1852 1740 accidat.

253 1785 447 1857 Quid?
489 1787 624 1845 huic
657 1786 803 1844 calix
835 1787 1009 1845 mulsi
1043 1785 1453 1863 impingendus
1484 1793 1589 1856 est,
1621 1793 1687 1843 ut
1719 1785 1943 1863 plorare

253 1868 488 1928 desinat.
513 1875 615 1925 aut
645 1867 867 1944 aliquid
899 1868 1023 1925 eius
1055 1866 1255 1924 modi?
1336 1866 1485 1925 Ecce
1519 1866 1629 1924 tibi
1660 1886 1731 1924 ex
1765 1866 1944 1925 altera

254 1957 417 2027 parte
447 1948 518 2006 ab
545 1949 751 2006 codem
781 1955 991 2025 poeta:

482 2054 566 2101 Ex
589 2054 765 2116 opibus
787 2054 995 2101 summis
1017 2052 1126 2116 opis
1148 2066 1314 2114 egens,
1338 2052 1543 2111 Hector,
1564 2058 1693 2100 tuae.

254 2149 409 2207 Huic
441 2148 740 2206 subvenire
769 2148 1076 2205 debemus:
1115 2146 1339 2225 quaerit
1366 2147 1518 2203 enim
1550 2146 1858 2205 auxilium:

251 2254 386 2315 Quid
411 2264 577 2317 petam
600 2254 812 2316 praesidi
837 2262 924 2301 aut
947 2268 1209 2315 exsequar,
1235 2267 1394 2317 quove
1414 2266 1549 2301 nunc

253 2321 464 2369 Auxilio
487 2321 632 2369 exsili
655 2328 742 2367 aut
763 2319 881 2379 fuga
903 2319 1031 2367 freta
1052 2318 1145 2367 sim
1162 2320 1186 2367 ἲ

253 2389 387 2435 Arce
410 2395 461 2434 et
487 2386 607 2433 urbe
629 2386 751 2433 orba
773 2400 898 2433 sum.
961 2384 1074 2443 Quo
1097 2382 1325 2431 accidam
1339 2383 1363 2431 ἰ’
1393 2396 1493 2445 quo
1515 2382 1797 2445 applicem?

251 2452 347 2499 Cui
372 2467 463 2499 nec
486 2466 601 2499 arae
623 2451 816 2513 patriae
839 2450 976 2497 domi
1000 2458 1153 2507 stant,
1176 2449 1366 2496 fractae
1382 2457 1435 2496 et
1457 2447 1693 2497 disiectae
1716 2448 1897 2509 iacent,

254 2519 395 2565 Fama
415 2516 620 2563 flamma
643 2515 934 2575 deflagrata,
956 2514 1075 2563 tosti
1098 2514 1188 2563 alti
1216 2522 1352 2561 stant
1377 2513 1607 2575 parietes,

254 2581 535 2630 Deformati
557 2591 708 2643 atque
731 2581 894 2629 abiete
917 2581 1092 2643 crispa.
1131 2617 1143 2629 .
1186 2616 1197 2628 .
1241 2616 1253 2628 .

250 2676 424 2734 Scitis
453 2678 599 2754 quae
629 2684 941 2753 sequantur
966 2682 1027 2732 et·
1055 2675 1155 2731 illa
1182 2675 1239 2731 in
1272 2674 1505 2751 primis:

586 2782 634 2830 Ο
663 2795 816 2845 pater,
837 2784 882 2830 0
910 2782 1089 2844 patria,
1112 2781 1159 2830 O
1188 2782 1379 2829 Priami
1408 2783 1603 2842 domus,

587 2849 824 2909 Saeptum
851 2848 1066 2895 altisono
1093 2847 1297 2896 cardine
1326 2848 1588 2909 templum,

588 2913 710 2961 Vidi
733 2926 827 2972 ego
851 2922 915 2969 tc,
935 2922 1135 2961 astante
1156 2928 1250 2975 ope
1273 2913 1545 2974 barbarica,

586 2978 758 3025 Tectis
782 2978 1000 3037 caelatis,
1022 2978 1281 3040 laqueatis,

587 3044 745 3102 Aur0,
765 3043 913 3093 ebore
937 3044 1232 3093 instructam
1256 3044 1469 3103 regifice.

259 3140 353 3192 45.
391 3134 444 3193 Ο
465 3142 703 3212 poetam
733 3135 1061 3211 egregium!
1107 3155 1455 3213 quamquam
1484 3138 1557 3195 ab
1585 3139 1677 3198 his
1706 3143 1951 3201 cantori·

257 3213 367 3273 bus
397 3214 786 3291 Euphorionis
815 3216 1219 3275 contemnitur.
1305 3217 1498 3276 Sentit
1526 3220 1723 3277 omnia
1751 3241 1951 3299 repen·
