2235 3581
687 213 698 219 ,
759 161 896 220 Lm.
937 161 1056 223 IV„
1090 160 1247 219 QAP.
1286 161 1470 211 1.-111.
1872 165 1961 210 ιιι,

266 265 638 333 istimatum.
683 263 835 322 Nam
861 283 992 323 cum
1013 262 1381 356 Pythagorae
1410 263 1769 357 disciplinam
1802 273 1860 322 et
1882 266 1963 323 in-

268 347 476 404 stituta
509 352 923 422 cognoscerent
955 345 1221 422 regisque
1254 345 1377 402 eius
1410 345 1758 421 aequitatem
1794 353 1852 402 ct
1882 366 1964 402 sa-

266 427 550 504 pientiam
580 445 615 482 a
641 424 958 482 maioribus
986 425 1102 482 suis
1132 425 1501 502 accepissent,
1526 431 1739 484 aetates
1768 435 1959 484 autem

268 515 327 564 et
360 513 626 599 tempora
656 506 988 582 ignorarent
1022 512 1260 583 propter
1291 511 1655 577 vetustatem,
1686 526 1835 576 eum,
1862 509 1959 584 qui

267 588 554 665 sapientia
585 585 906 672 excelleret,
941 585 1311 664 Pythagorae
1352 585 1675 644 auditorem
1710 587 1961 646 credide-

266 674 405 725 runt
432 668 628 725 fuisse.

347 748 425 805 II.
469 747 548 804 Et
589 748 662 804 de
697 747 1028 805 coniectura
1061 746 1295 824 quidem
1344 747 1631 804 hactenus,
1695 747 1961 824 Vestigia

265 837 460 886 autem
497 828 995 904 Pythagoreorum
1021 846 1367 904 quamquam
1402 827 1583 884 multa
1616 827 1810 903 colligi
1831 847 1959 904 pos-

265 919 420 978 sunt,
449 909 650 984 paueis
692 917 888 964 tamen
931 915 1179 977 utemur,
1212 909 1485 984 quoniam
1520 927 1637 964 non
1674 906 1735 964 id
1770 909 1954 984 agitur

267 989 386 1046 hoo
410 997 688 1064 tempore.
777 987 927 1044 Nam
963 1007 1093 1045 cum
1139 987 1489 1045 carminibus
1530 987 1685 1045 soliti
1718 987 1803 1044 illi
1837 1009 1941 1046 ess<

264 1069 532 1126 dicantur
565 1076 624 1126 ct
657 1075 964 1145 praecepta
999 1068 1279 1145 quaedam
1324 1068 1603 1126 occultius
1643 1067 1866 1126 tradere
1900 1090 1957 1126 ev,

264 1156 488 1206 mentes
517 1168 648 1206 suas
669 1169 704 1206 a
731 1148 1151 1225 cogitationum
1174 1149 1497 1206 intentione
1527 1156 1697 1206 cantu
1725 1148 1959 1206 fidibus-

265 1249 377 1306 que
410 1229 484 1286 ad
511 1228 988 1306 tranquillitatem
1017 1229 1329 1301 traducere,
1354 1229 1725 1306 gravissimus
1758 1237 1959 1288 auctor

263 1310 326 1366 in
347 1309 688 1386 Originibus
721 1309 871 1367 dixit
893 1309 1040 1367 Cato
1075 1329 1295 1367 morem
1334 1310 1490 1387 apud
1524 1310 1770 1367 maiores
1802 1309 1956 1367 hunc

263 1390 560 1466 epularum
590 1391 788 1460 fuisse,
812 1397 878 1448 ut
899 1391 1170 1467 deinceps
1192 1391 1291 1467 qui
1319 1390 1662 1448 accubarent
1690 1398 1958 1447 canerent

247 1471 338 1526 -ad
380 1470 584 1527 tibiam
627 1470 908 1528 clarorum
955 1471 1205 1528 virorum
1247 1470 1444 1528 laudes
1486 1477 1659 1546 atque
1697 1470 1952 1528 virtutes

217 1558 222 1560 ’
247 1551 352 1607 Ex
383 1570 497 1627 quo
525 1551 897 1628 perspicuum
927 1557 1013 1608 est
1042 1557 1100 1608 et
1129 1559 1331 1608 cantus
1359 1559 1485 1608 tum
1515 1550 1695 1608 fuisse
1724 1550 1958 1626 rescrip-

261 1639 354 1687 tos
377 1651 582 1688 vocum
619 1631 880 1702 sonis-et¹
902 1631 1170 1688 carmina.
1257 1635 1310 1689 4.
1348 1631 1709 1708 Quamquam
1745 1630 1807 1687 id
1836 1631 1957 1706 qui—

261 1711 396 1768 dem
447 1713 624 1768 etiam
679 1731 784 1768 XII.
830 1711 1058 1768 tabulae
1108 1711 1400 1769 declarant
1448 1711 1621 1769 condi
1663 1711 1777 1768 iam
1826 1719 1952 1768 tum

262 1792 500 1850 solitum
531 1811 652 1849 esse
681 1812 926 1864 carmen,
949 1793 1107 1870 quod
1142 1811 1213 1850 ne
1248 1793 1442 1851 liceret
1469 1792 1592 1850 fieri
1620 1794 1695 1851 ad
1722 1793 1955 1851 alterius

261 1873 527 1929 iniuriam
560 1873 686 1949 lege
715 1881 1037 1931 sanxerunt.
1126 1872 1247 1931 Nec
1276 1892 1410 1931 vero
1445 1873 1589 1931 illud
1622 1893 1741 1931 non
1771 1875 1955 1932 erudi-

253 1959 453 2010 torum
475 1961 818 2030 temporum
853 1961 1258 2029 argumentum
1294 1959 1396 2024 est,
1422 1953 1581 2031 quod
1622 1963 1681 2011 et
1714 1954 1952 2012 deorum

260 2033 656 2109 pulvinaribus
677 2040 736 2090 et
758 2034 942 2110 epulis
964 2034 1407 2109 magistratuum
1429 2034 1571 2091 fides
1593 2035 1949 2110 praecinunt,

263 2114 421 2190 quod
445 2114 751 2191 proprium
789 2114 910 2171 eius
943 2082 1094 2184 fuit?
1101 2114 1175 2170 de
1205 2133 1319 2190 qua
1350 2114 1572 2191 loquor,
1598 2115 1949 2191 disciplinae.

258 2193 409 2251 Mihi
437 2194 676 2271 quidem
711 2194 886 2251 etiam
903 2194 1116 2271 Appii
1130 2194 1301 2251 Caeci
1336 2213 1581 2265 carmen,
1604 2195 1762 2271 quod
1789 2195 1953 2251 valde

262 2274 574 2333 Panaetius
595 2274 792 2331 laudat
813 2274 1058 2351 epistola
1081 2275 1347 2351 quadam,
1370 2293 1513 2350 quae
1544 2282 1630 2331 est
1658 2274 1731 2330 ad
1750 2274 1817 2343 Q.
1843 2274 1955 2332 Tu-

260 2354 552 2425 beronem,
585 2354 1020 2431 Pythagorcum
1051 2354 1295 2412 videtur.
1384 2354 1569 2411 Multa
1610 2354 1785 2411 etiam
1820 2362 1955 2411 sunt

259 2436 322 2491 in
351 2436 564 2492 nostris
597 2435 880 2492 institutis
909 2435 1084 2493 ducta
1117 2435 1189 2492 ab
1224 2434 1354 2506 illis,
1376 2454 1521 2512 quae
1550 2440 1859 2511 praetereO,
1880 2454 1953 2493 ne

259 2534 343 2581 ea,
383 2535 528 2591 quae
576 2515 864 2592 peperisse
912 2516 1022 2591 ipsi
1073 2522 1361 2593 putamur,
1406 2515 1636 2571 aliunde
1685 2514 1953 2573 didicisse

259 2596 572 2652 videamur.
661 2602 712 2653 5.
759 2594 890 2666 Sed,
915 2603 982 2653 ut
1017 2596 1093 2652 ad
1126 2596 1489 2672 propositum
1524 2594 1720 2653 redeat
1749 2596 1949 2667 oratio,

261 2695 434 2751 quam
497 2675 656 2732 brevi
711 2683 974 2751 tempore
1023 2682 1167 2751 quot
1224 2682 1282 2733 et
1326 2675 1527 2751 quanti
1580 2683 1807 2752 poetae,
1854 2676 1952 2753 qui

259 2764 454 2811 autem
497 2762 751 2823 oratores
793 2754 1170 2812 exstiterunt!
1218 2754 1387 2811 facile
1430 2762 1498 2811 ut⁴
1537 2764 1808 2833 appareat
1853 2775 1954 2813 no-

259 2843 412 2891 stros
441 2835 638 2891 omnia
665 2835 940 2911 consequi
967 2834 1243 2911 potuisse,
1276 2834 1445 2893 simul
1474 2842 1540 2891 ut
1569 2835 1712 2892 velle
1740 2836 1954 2913 coepis-

259 2922 404 2971 sent.

342 2992 470 3061 111<
501 2993 615 3051 Sed
644 2994 716 3051 de
745 2995 947 3051 ceteris
977 2994 1185 3051 studiis
1212 2994 1326 3052 alio
1361 2995 1489 3052 loco
1519 3000 1577 3051 et
1606 2993 1878 3062 dicemus,
1904 2994 1951 3050 si

261 3094 398 3132 usus
431 3074 625 3144 fuerit,
659 3081 718 3131 et
761 3094 930 3151 saepe
973 3075 1241 3132 diximus
1328 3074 1665 3150 Sapientiae
1696 3072 1950 3129 studium

259 3162 428 3211 vetus
456 3154 516 3213 id
541 3154 820 3231 quidem
807 3174 866 3210 m
896 3154 1126 3223 nostriS‚
1149 3153 1249 3210 sed
1276 3161 1470 3210 tamen
1500 3160 1631 3207 ante
1661 3151 1838 3206 Laelii
1867 3171 1954 3206 ae-

259 3242 442 3292 tatem
465 3241 526 3290 ct
555 3233 844 3309 Scipionis
865 3252 984 3289 non
1013 3232 1235 3307 reperio
1261 3251 1405 3306 quos
1431 3229 1715 3304 appellare
1738 3229 1949 3302 possim
