2235 3581
209 149 274 193 ΕΑ·
431 143 610 194 TUSC
619 143 1024 192 ULANARUM
1068 143 1233 192 DISP
1241 143 1669 194 UTATIONUM

211 248 344 305 dam
379 246 793 322 destinatisque
832 244 1133 302 sententiis
1162 245 1324 322 quasi
1358 245 1577 304 addicti
1610 254 1668 304 ct
1700 266 1905 306 conse·

210 328 350 385 crati
375 333 507 382 sunt
536 345 712 402 eaque
742 324 1078 389 necessitate
1107 325 1421 396 constricti,
1444 332 1525 398 ut,
1550 327 1724 384 etiam
1752 347 1902 405 quae

209 427 326 463 non
363 405 601 482 probare
635 405 872 475 soleant,
905 425 972 462 ea
1013 412 1295 482 cogantur
1336 407 1691 465 constantiae
1727 427 1906 466 causa

209 487 534 557 defendere,
577 505 700 557 nOS‚
751 486 850 563 qui
893 485 1187 562 sequimur
1230 485 1551 562 probabilia
1596 507 1702 545 nec
1746 489 1905 546 ultra

209 586 380 644 quam
415 566 493 637 id,
526 565 681 643 quod
717 567 836 623 veri
869 565 1054 622 simile
1091 565 1353 636 occurrit,
1392 569 1665 644 progredi
1698 588 1905 644 possu-

209 666 353 716 muS,
379 654 438 703 et
465 646 722 704 refellere
745 646 866 703 sine
890 645 1207 723 pertinacia
1228 654 1286 703 et
1317 648 1500 705 refelli
1529 648 1650 706 sine
1679 649 1907 706 iracun-

209 727 305 783 dia
331 727 516 804 parati
544 747 754 784 sumuS.

291 813 343 864 6.
381 806 554 875 Quod
581 808 630 863 si
661 807 799 864 haec
835 807 1026 863 studia
1055 806 1321 864 traducta
1349 814 1517 865 erunt
1546 807 1619 864 ad
1648 814 1900 879 nostrOS,

207 907 280 944 ne
314 887 680 944 bibliothecis
717 886 949 964 quidem
981 886 1214 944 Graecis
1250 887 1561 964 egebimuS,
1594 888 1654 944 in
1690 888 1905 965 quibus

208 967 522 1024 multitudo
559 966 786 1023 infinita
818 967 1096 1024 librorum
1135 975 1376 1044 propter
1409 986 1606 1024 corum
1636 975 1723 1024 est
1755 969 1907 1024 mul-

207 1046 535 1118 titudinem,
565 1047 663 1123 qui
689 1046 1050 1124 scripserunt.
1143 1046 1361 1104 Eadem
1389 1047 1545 1104 enim
1574 1047 1844 1104 dicuntur
1866 1067 1907 1104 a

209 1127 420 1196 multiS,
447 1146 516 1184 ex
550 1146 664 1204 quo
699 1126 858 1184 libris
890 1129 1086 1184 omnia
1116 1126 1477 1184 referserunt.
1556 1125 1729 1194 Quod
1758 1128 1907 1184 acci-

209 1207 309 1263 det
339 1207 511 1263 etiam
545 1208 774 1279 nostris,
807 1208 854 1264 si
891 1208 966 1264 ad
1001 1207 1141 1265 haec
1176 1208 1367 1264 studia
1398 1207 1589 1284 plures
1618 1207 1905 1265 confluxe-

207 1287 339 1345 rint.
427 1286 543 1345 Sed
584 1307 699 1358 eOS‚
731 1288 779 1344 si
815 1307 1137 1364 possumuS‚
1170 1289 1499 1359 excitemuS,
1527 1289 1626 1365 qui
1659 1288 1904 1345 liberali-

207 1375 298 1425 ter
311 1368 527 1426 eruditi
553 1367 814 1425 adhibita
837 1369 1007 1426 etiam
1041 1368 1357 1428 disserendi
1379 1367 1663 1444 elegantia
1679 1369 1902 1426 ratione

209 1455 270 1505 et
289 1449 383 1506 via
412 1449 910 1528 philosophantur.
1000 1448 1108 1506 III.
1198 1448 1249 1506 7.
1296 1448 1401 1505 Est
1429 1449 1581 1504 enim
1608 1449 1901 1524 quoddam

209 1547 391 1605 genus
438 1549 652 1601 eorum,
688 1530 787 1607 qui
836 1549 894 1586 se
940 1528 1321 1606 philosophos
1370 1529 1642 1604 appellari
1680 1529 1898 1599 volunt,

211 1628 456 1686 quorum
493 1610 764 1667 dicuntur
804 1629 924 1666 esse
967 1609 1157 1666 Latini
1200 1627 1333 1665 sane
1367 1608 1536 1664 multi
1572 1608 1717 1678 libri,
1756 1628 1902 1685 quos

210 1708 329 1744 non
363 1695 672 1746 contemno
716 1690 1000 1766 equidem,
1039 1690 1255 1767 quippe
1290 1707 1433 1764 quos
1472 1707 1788 1766 numquam
1827 1688 1902 1746 le-

209 1768 410 1845 gerim,
439 1769 539 1826 sed
563 1769 696 1846 quia
731 1767 1074 1845 profitentur
1101 1770 1213 1847 ipsi
1242 1769 1343 1840 illi,
1369 1769 1469 1846 qui
1498 1787 1595 1826 eos
1624 1767 1897 1841 scribunt,

211 1868 270 1905 se
299 1868 485 1925 neque
523 1849 793 1906 distincte
833 1868 1018 1926 neque
1053 1849 1359 1907 distribute
1392 1868 1578 1926 neque
1612 1849 1903 1926 eleganter

210 1948 397 2006 neque
417 1936 617 1986 ornate
641 1929 898 2000 scribere,
923 1930 1225 1987 lectionem
1248 1930 1369 1987 sine
1387 1930 1503 1987 ulla
1524 1930 1902 1987 delectatione

211 2009 471 2086 neglego
557 2008 713 2077 Quid
746 2010 902 2083 enim
940 2010 1136 2067 dicant
1170 2010 1402 2087 etquid
1438 2010 1689 2068 sentiant
1720 2010 1779 2081 ii,
1803 2010 1903 2087 qui

211 2097 345 2147 sunt
379 2089 450 2146 ab
490 2088 558 2146 ea
593 2089 906 2166 disciplina,
940 2090 1119 2148 ⁴nemo
1153 2110 1225 2147 ne
1266 2090 1633 2148 mediocriter
1667 2090 1899 2167 quidem

211 2170 418 2228 doctus
465 2170 707 2247 ignorat.
787 2168 972 2237 Quam
1011 2170 1086 2227 ob
1126 2189 1263 2240 rem,
1298 2170 1571 2246 quoniam
1614 2189 1784 2248 quem
1826 2172 1901 2227 ad

209 2251 452 2309 modum
500 2251 696 2309 dicant
745 2250 856 2327 ipsi
901 2270 1019 2307 non
1063 2250 1340 2321 laborant,
1373 2269 1474 2307 cur
1512 2250 1741 2327 legendi
1786 2250 1903 2323 sint

211 2332 325 2389 nisi
361 2331 475 2407 ipsi
518 2332 671 2388 inter»
708 2350 782 2401 se,
807 2331 906 2407 qui
947 2331 1102 2387 idem
1148 2330 1418 2400 sentiunt,
1450 2349 1567 2386 non
1612 2330 1897 2407 intellego,

213 2417 264 2468 8.
311 2412 481 2483 Nam,
520 2418 585 2468 ut
619 2410 925 2468 Platonem
960 2410 1325 2487 reliquosque
1364 2409 1684 2467 Socraticos
1718 2417 1775 2467 et
1808 2410 1904 2467 de-

210 2490 408 2568 inceps
445 2510 560 2561 eos,
595 2491 695 2567 qui
729 2490 801 2547 ab
833 2490 926 2546 his
967 2490 1218 2566 profecti
1262 2496 1411 2560 sunt,
1448 2490 1648 2567 legunt
1682 2509 1899 2561 omnes»,

210 2571 386 2627 ctiam
419 2571 518 2647 qui
555 2570 650 2626 illa
683 2576 783 2627 aut
818 2589 932 2625 non
971 2569 1297 2645 approbant
1329 2576 1429 2627 aut
1462 2589 1578 2626 non
1609 2570 1901 2627 studiosis-

211 2650 354 2707 sime
391 2657 808 2719 consectantur,
835 2648 1146 2725 Epicurum
1184 2656 1377 2707 autem
1413 2656 1472 2707 et
1506 2649 1899 2706 Metrodorum
1990 2702 1993 2705 ,

211 2748 326 2785 non
359 2730 480 2787 fere
511 2738 735 2806 praeter
769 2749 901 2785 suos
932 2730 1231 2805 quisquam
1268 2730 1329 2787 in
1364 2749 1569 2786 manus
1602 2728 1795 2799 sumit,
1820 2730 1901 2785 sic

211 2810 317 2867 hos
349 2809 585 2867 Latinos
615 2809 657 2865 ii
691 2810 797 2866 soli
835 2810 1048 2887 legunt,
1084 2810 1182 2885 qui
1220 2810 1317 2866 illa
1350 2817 1501 2866 recte
1531 2809 1645 2865 dici
1672 2815 1895 2885 putant.

211 2889 398 2947 Nobis
432 2898 625 2948 autem
657 2890 898 2960 videtur,
927 2890 1211 2967 quidquid
1247 2890 1451 2946 litteris
1486 2889 1806 2959 mandetur,
1837 2889 1899 2945 id

211 2970 604 3027 commendari
660 2971 917 3027 omnium
977 2970 1333 3027 cruditorum
1390 2969 1624 3026 lectioni
1680 2968 1894 3025 decere.

211 3049 350 3121 Nec,
377 3050 423 3106 si
453 3050 514 3105 id
545 3050 656 3125 ipsi
683 3050 876 3106 minus
904 3049 1177 3124 consequi
1208 3068 1529 3123 possumuS,
1552 3047 1768 3105 idcirco
1794 3048 1900 3104 mi—

137 3127 145 3137 '
212 3147 318 3185 nus
348 3130 408 3185 id
438 3129 520 3185 ita
542 3128 871 3184 faciendum
895 3144 1016 3184 esse
1047 3128 1341 3183 sentimuS.
1430 3132 1481 3183 9.
1528 3126 1731 3204 Itaque
1752 3127 1898 3184 mihi

209 3224 435 3281 semper
483 3207 998 3281 Peripateticorum
1036 3204 1500 3284 Academiaeque
1538 3206 1896 3265 consuetudo
