2235 3581
307 161 400 208 182
525 157 704 208 TUSC
711 157 850 207 ULA
858 157 1119 206 NARUM
1163 156 1650 208 DISPUTATION
1660 157 1767 207 ΠΜ

303 261 609 319 Platonem
643 279 825 336 eoque
858 259 1123 316 convivio
1152 259 1466 316 admodum
1495 259 1810 336 delectatus
1842 266 1991 317 esset

303 342 656 418 vidissetque
694 359 826 398 eum
869 339 1165 416 postridie,
1198 339 1441 396 dixisse:
1494 339 1719 396 Vestrae
1760 339 1990 413 quidem

303 441 463 478 cenae
494 440 608 476 non
635 421 821 476 solum
859 419 922 475 in
945 420 1287 492 praesentia,
1318 419 1413 476 sed
1445 418 1616 476 etiam
1640 428 1868 493 postero
1901 420 1993 476 die

302 501 558 557 iucunda
581 507 750 557 sunt.
836 498 1007 570 Quid,
1041 499 1197 576 quod
1230 518 1303 556 ne
1340 506 1535 556 mente
1569 499 1804 576 quidem
1837 506 1991 557 recte

303 582 390 640 uti
419 599 724 658 possumus
751 579 938 636 multo
965 578 1098 636 cibo
1132 585 1192 636 et
1220 579 1458 656 potione
1492 579 1799 656 completi.
1785 581 1805 622 ²
1885 579 1992 637 Est

303 661 590 739 praeclara
621 658 868 737 epistola
894 658 1157 716 Platonis
1184 659 1260 716 ad
1287 658 1497 716 Dionis
1530 659 1904 737 propinquOS,
1926 661 1989 716 111

305 761 420 818 (1113
453 741 730 817 scriptum
770 748 857 797 est
889 739 981 796 his
1013 739 1136 796 fere
1164 738 1385 797 verbis·
1431 739 1465 767 ‘⁴
1485 739 1615 808 Quo
1649 759 1781 796 cum
1810 740 1993 798 venis-

305 841 443 892 sem,
469 821 588 878 vita
621 819 718 877 illa
743 819 928 890 beata,
955 839 1098 897 quae
1128 819 1433 891 ferebatur,
1457 819 1629 897 plena
1661 819 1990 878 Italicarum

304 901 848 978 Syracusiarumque
889 919 1234 970 mensarum,
1270 899 1429 968 nullo
1472 900 1649 957 modo
1690 899 1835 956 mihi
1872 899 1993 976 pla-

304 981 441 1052 cuit,
471 981 561 1037 bis
602 981 663 1036 in
701 980 796 1036 die
837 986 1095 1036 saturum
1128 979 1253 1037 fieri
1293 999 1397 1037 nec
1439 999 1715 1057 umquam
1757 999 1993 1057 pernoc-

304 1069 423 1118 tare
457 1060 645 1117 solum
673 1067 988 1137 ceteraque,
1016 1078 1161 1136 quae
1195 1060 1545 1118 comitantur
1572 1059 1706 1116 huie
1734 1061 1902 1131 vitae,
1929 1060 1989 1117 in

306 1160 420 1217 qua
445 1141 671 1217 sapiens
697 1159 870 1198 nemo
893 1139 1170 1215 efficietur
1196 1159 1489 1217 umquam,
1510 1140 1839 1198 moderatus
1856 1159 1991 1197 vero

303 1220 490 1278 multo
523 1221 730 1278 minus.
822 1225 952 1277 101.
998 1219 1159 1288 Quae
1193 1221 1349 1277 enim
1380 1227 1585 1279 natura
1610 1227 1732 1277 tam
1765 1220 1993 1278 mirabi-

304 1301 436 1358 liter
465 1301 775 1378 temperari
801 1306 994 1377 potest
1011 1299 1067 1357 Y’
1152 1299 1282 1368 Quo
1314 1300 1493 1358 modo
1531 1300 1710 1378 igitur
1740 1300 1993 1358 iucunda

305 1381 424 1438 vita
457 1387 652 1457 potest
683 1399 820 1451 esse,
850 1399 886 1436 a
923 1399 1036 1457 qua
1075 1380 1228 1438 absit
1259 1381 1583 1457 prudentia,
1614 1380 1765 1438 absit
1796 1381 1994 1438 mode-

305 1461 490 1518 ratio?
570 1460 660 1518 Ex
709 1480 826 1538 quo
871 1459 1280 1553 Sardanapalli,
1322 1460 1746 1553 opulentissimi
1794 1459 1993 1538 Syriae

305 1541 473 1618 regiS,
499 1560 654 1598 error
681 1541 1026 1657 agnoscitur,
1050 1542 1151 1618 qui
1178 1541 1357 1598 incidi
1382 1541 1586 1598 iussit
1571 1561 1632 1598 111
1660 1541 1867 1598 busto:

476 1672 620 1722 Haec
643 1672 817 1729 habeo,
841 1687 969 1735 quae
993 1671 1073 1721 edi
1095 1686 1323 1735 quaeque
1345 1679 1636 1721 exsaturata
1656 1670 1815 1722 libido

475 1737 660 1786 Hausit
676 1755 691 1786 2
727 1745 781 1786 at
803 1709 890 1786 illa
911 1738 1076 1786 iacent
1099 1737 1259 1786 multa
1282 1745 1333 1786 et
1354 1737 1610 1801 praeclara
1632 1737 1822 1788 relicta.

306 1859 545 1929 —Quid
572 1859 744 1930 aliud,
769 1860 958 1937 inquit
983 1858 1432 1932 A1·istoteleS,in
1458 1858 1639 1930 boviS,
1664 1879 1783 1917 non
1815 1859 1879 1917 in
1912 1879 1995 1918 re-

306 1942 396 2017 gis
431 1940 690 2016 sepulcro
717 1939 1090 1997 inscriberesss
1172 1939 1333 1997 Haec
1360 1939 1571 1997 habere
1606 1960 1665 1998 se
1698 1946 1993 1997 mortuum

307 2020 466 2091 dicit,
501 2039 648 2097 quae
689 2039 762 2077 ne
795 2020 959 2077 vivus
1001 2020 1236 2096 quidem
1279 2020 1499 2077 diutius
1538 2020 1788 2079 habebat
1820 2039 1995 2098 quam

306 2098 620 2157 fruebatur.
659 2156 666 2164 ,
716 2104 848 2156 102.
897 2098 1016 2157 Cur
1069 2100 1251 2177 igitur
1296 2099 1533 2157 divitiae
1580 2101 1991 2171 desiderentur,

308 2188 410 2237 aut
451 2179 553 2237 ubi
593 2186 900 2258 paupertas
945 2178 1145 2237 beatos
1194 2198 1315 2237 esse
1358 2199 1477 2237 non
1523 2180 1701 2239 sinit?
1780 2180 1992 2257 Signjs,

307 2260 496 2331 cred0,
526 2260 753 2331 tabulis,
791 2259 968 2317 ludis:
1013 2260 1062 2317 si
1105 2260 1234 2337 quis
1274 2267 1362 2318 est
1396 2260 1497 2337 (1111
1528 2260 1621 2318 his
1662 2260 1992 2331 delectetur,

308 2360 500 2397 nonne
529 2340 734 2397 melius
760 2347 962 2397 tenues
988 2339 1255 2398 homines
1274 2341 1549 2398 fruuntur
1576 2360 1747 2417 quam
1776 2339 1875 2413 illi,
1895 2340 1995 2417 qui

309 2420 380 2477 iis
413 2419 740 2477 abundant?
821 2419 930 2477 Est
959 2420 1117 2477 euim
1152 2439 1349 2478 earum
1374 2438 1563 2478 rerum
1599 2420 1861 2477 omnium
1893 2440 1997 2477 no-

310 2507 428 2557 stra
453 2499 593 2557 urbe
623 2519 848 2557 summa
872 2500 934 2556 in
963 2500 1199 2577 publico
1228 2500 1411 2577 copia.
1495 2499 1656 2569 Quae
1686 2500 1789 2577 qui
1812 2500 1999 2577 priva-

309 2581 418 2639 tim
456 2578 687 2651 habent,
718 2599 824 2637 nec
860 2588 984 2638 tam
1023 2580 1211 2639 multa
1246 2587 1305 2638 et
1344 2600 1471 2638 raro
1513 2580 1727 2651 vident,
1758 2600 1892 2638 cum
1932 2580 1995 2637 in

311 2678 414 2716 sua
444 2678 576 2716 rura
602 2667 908 2718 venerunt:
954 2680 1100 2738 quos
1130 2668 1331 2719 tamen
1357 2660 1568 2738 pungit
1600 2659 1834 2737 aliquid,
1860 2679 1993 2717 cum

310 2738 409 2796 illa
439 2739 592 2797 unde
625 2739 876 2798 habeant
906 2740 1293 2799 recordantur.
1376 2740 1521 2798 Dies
1553 2740 1798 2812 deficiat,
1822 2740 1873 2797 si
1905 2758 1997 2799 ve-

310 2819 412 2876 lim
436 2821 791 2896 paupertatis
811 2840 1038 2879 causam
1063 2820 1388 2879 defendere.
1472 2820 1696 2898 Aperta
1722 2820 1878 2877 enim
1904 2838 1998 2878 res

311 2906 400 2956 est
427 2906 487 2956 et
513 2900 727 2957 cotidie
755 2920 864 2958 nos
889 2901 1017 2978 ipsa
1048 2906 1254 2958 natura
1281 2900 1556 2959 admonet
1578 2919 1751 2977 quam
1778 2900 1994 2976 pauciS,

313 2998 484 3056 (1113111
513 2980 702 3055 parvis
729 2981 898 3038 rebus
927 2986 1108 3056 egeat,
1135 2999 1306 3073 (1113111
1334 2975 1559 3038 vilibus,

391 3058 681 3118 XXXVI.
770 3066 901 3118 103.
945 3060 1106 3118 Num
1155 3061 1335 3138 igitur
1377 3060 1711 3138 ignobilitas
1754 3066 1855 3117 aut
1896 3060 1998 3117 hu-

311 3138 526 3196 militas
567 3145 667 3196 aut
699 3140 872 3197 etiam
907 3141 1201 3218 popularis
1234 3141 1479 3199 offensio
1518 3140 1837 3217 sapientem
1869 3139 1999 3197 bea-

310 3222 437 3275 tum
453 3228 470 3261 -'
481 3236 602 3275 esse
639 3218 1006 3295 prohibebit?
1087 3221 1240 3279 Vide
1282 3240 1355 3278 ne
1398 3220 1528 3298 plus
1568 3218 1999 3278 commendatio
