2235 3581
719 189 857 238 Lm.
899 190 1018 250 1V.,
1053 189 1211 239 (μιν.
1245 189 1611 240 :rm-xvir.
1916 195 2007 242 127

319 295 453 354 dius
487 296 658 354 etiam
705 305 763 352 et
795 294 1115 352 deformius
1145 312 1318 370 quam
1359 294 1718 370 aegritudine
1753 295 1881 372 quis
1913 296 2009 353 ad-

309 376 526 447 -fiictuS,
547 375 898 445 debilitatus,
919 375 1143 432 iacens?
1198 373 1309 431 Cui
1328 374 1586 431 miseriae
1608 376 1904 450 proximus
1920 384 2009 435 est

319 458 385 528 is,
412 458 512 534 qui
549 456 1018 534 appropinquans
1059 455 1296 531 aliquod
1330 454 1543 511 malum
1580 455 1787 512 metuit
1823 457 2009 513 exani-

318 546 622 614 matusque
652 536 868 614 pendet
895 535 1089 592 animi.
1160 534 1345 603 Quam
1378 535 1493 590 vim
1524 535 1659 592 mali
1688 535 2008 613 significan-

313 624 407 674 ‹tes
439 624 650 694 poetae
693 615 1025 694 impendere
1067 615 1222 692 apud
1266 615 1481 672 inferos
1522 634 1719 672 saxum
1764 616 2007 674 Tantalo

318 698 543 755 faciunt

313 823 319 830 ‘
385 819 464 868 Ob
489 817 678 867 scelera
701 818 954 880 animique
980 816 1325 879 impotentiam
1349 826 1399 864 et
1423 816 1941 880 superbiloquentiam,

314 954 386 992 ea
418 935 742 991 communis
775 953 963 1011 poena
1003 933 1282 991 stultitiae
1324 939 1427 990 est.
1504 933 1790 992 Omnibus
1831 935 2003 1006 enim,

318 1034 567 1092 quorum
597 1034 758 1072 mens
791 1014 1061 1071 abhorret
1093 1034 1128 1070 a
1158 1013 1394 1084 ratione,
1418 1033 1643 1090 semper
1670 1014 1844 1092 aliqui
1875 1015 2007 1072 talis

315 1103 500 1152 terror
522 1095 834 1171 impendet.
923 1100 1015 1152 36.
1047 1096 1246 1171 Atque
1275 1101 1341 1152 ut
1370 1093 1477 1151 hae
1506 1093 1766 1153 tabificae
1796 1096 2006 1154 mentis

310 1175 774 1252 perturbationes
797 1181 945 1245 sunt,
967 1174 1388 1251 aegritudinem
1418 1174 1549 1232 dieo
1579 1182 1902 1246 et-metum,
1925 1176 2005 1234 sic

315 1255 616 1313 hilariores
647 1255 793 1326 illae,
815 1255 1101 1332 cupiditas
1136 1255 1300 1312 avide
1336 1273 1561 1331 semper
1594 1254 1813 1331 aliquid
1840 1275 2006 1332 expe—

315 1343 445 1394 tens
479 1342 538 1393 et
569 1336 757 1392 inanis
791 1335 1066 1406 alacritaS,
1097 1335 1162 1392 id
1196 1342 1298 1405 est,
1329 1335 1549 1392 laetitia
1582 1335 1851 1411 gestienS,
1886 1355 2004 1393 non

315 1416 564 1474 multum
602 1416 880 1473 differunt
922 1415 992 1472 ab
1027 1415 1295 1473 amentia.
1381 1415 1469 1472 Ex
1504 1435 1618 1492 quo
1654 1414 2005 1492 intellegitur

311 1497 500 1573 qualis
521 1496 616 1554 ille
639 1496 730 1566 sit,
753 1515 924 1573 quem
945 1504 1070 1552 tum
1092 1496 1474 1566 moderatum,
1495 1495 1633 1552 alias
1654 1495 2000 1567 modestum,

314 1584 440 1634 tum
471 1583 906 1653 temperantem,
929 1575 1067 1634 alias
1100 1583 1461 1633 constantem
1497 1575 2004 1652 continentemque

313 1657 590 1714 dicimus:
625 1675 741 1713 non
766 1675 1082 1734 numquam
1104 1655 1244 1714 haec
1267 1656 1467 1714 eadem
1490 1655 1766 1713 vocabula
1793 1656 1866 1712 ad
1887 1656 2004 1713 fru-

313 1737 568 1813 galitatis
596 1756 808 1795 nomen
844 1744 1140 1815 tamquam
1174 1736 1249 1795 ad
1282 1743 1456 1814 caput
1478 1735 1687 1794 referre
1717 1734 2001 1795 volumus

316 1818 491 1886 Quod
530 1818 644 1875 nisi
686 1837 754 1875 eo
798 1819 1033 1876 nomine
1075 1819 1316 1875 virtutes
1358 1817 1803 1889 continerentur,
1840 1838 2003 1875 num-

315 1918 488 1975 quam
523 1898 606 1955 ita
646 1899 1046 1975 pervulgatum
1090 1897 1237 1955 illud
1269 1907 1433 1968 esset,
1466 1906 1531 1955 ut
1564 1898 1679 1955 iam
1713 1898 2001 1975 proverbii

313 1979 504 2035 locum
541 1978 829 2037 obtineret
861 1979 1145 2035 hominem
1170 1978 1349 2053 fraqi
1390 1979 1584 2035 omnia
1623 1986 1763 2035 recte
1787 1980 1996 2054 facere.

316 2057 489 2126 Quod
517 2059 672 2116 idem
703 2078 834 2116 cum
865 2058 1048 2116 Stoici
1076 2058 1149 2115 de
1179 2061 1435 2136 sapiente
1464 2059 1680 2127 dicunt,
1706 2058 1879 2117 nimis
1907 2059 2002 2116 ad-

313 2138 658 2196 mirabiliter
685 2138 971 2216 nimisque
999 2138 1305 2215 magnifice
1337 2139 1525 2197 dicere
1554 2139 1837 2196 videntur.

309 2254 318 2260 -
395 2218 593 2277 XVII.
655 2219 727 2275 37
733 2262 747 2277 .
777 2219 933 2295 Ergo
955 2218 1066 2289 hie,
1085 2219 1345 2296 quisquis
1362 2227 1465 2289 est,
1484 2219 1582 2296 qui
1604 2219 2001 2277 moderatione

311 2306 374 2356 et
396 2299 721 2356 constantia
739 2300 966 2375 quietus
994 2299 1190 2355 animo
1213 2305 1300 2357 est
1328 2299 1551 2376 sibique
1582 2299 1703 2376 ipse
1724 2298 1997 2374 placatus,

314 2386 381 2437 ut
414 2397 520 2435 nec
553 2378 812 2450 tabescat
841 2378 1123 2437 molestiis
1164 2398 1269 2437 nee
1303 2379 1605 2452 frangatur
1645 2378 1855 2435 timore
1896 2398 2001 2437 nec

313 2459 577 2517 sitienter
611 2459 750 2536 quid
793 2465 1067 2537 expetens
1109 2460 1306 2517 ardeat
1346 2458 1631 2516 desiderio
1671 2478 1777 2516 nee
1810 2459 2003 2517 alacri·

314 2546 435 2596 tate
469 2539 629 2596 futili
661 2540 913 2615 gestiens
953 2538 1320 2615 deliquescat,
1351 2540 1400 2595 is
1442 2546 1529 2597 est
1562 2539 1803 2616 sapienS,
1830 2560 2000 2616 quem

313 2620 657 2695 quaerimus»,
683 2620 733 2675 is
760 2626 848 2676 est
868 2618 1086 2689 beatus,
1111 2619 1204 2677 cui
1232 2619 1374 2677 nihil
1404 2619 1781 2677 humanarum
1813 2639 1997 2677 rerum

314 2706 414 2756 aut
446 2698 805 2757 intolerabile
837 2700 912 2757 ad
945 2699 1369 2757 demittendum
1404 2699 1660 2756 animum
1696 2707 1796 2756 aut
1830 2700 2001 2756 nimis

315 2778 576 2836 laetabile
605 2779 679 2837 ad
707 2779 1060 2837 efferendum
1085 2780 1264 2837 videri
1294 2786 1500 2856 potest.
1565 2779 1721 2848 Quid
1749 2781 1903 2837 enim
1923 2780 2001 2835 vi-

315 2860 520 2916 deatur
551 2859 604 2916 ei
637 2878 915 2936 magnum
949 2860 1010 2916 in
1044 2859 1215 2916 rebus
1255 2859 1538 2930 humaniS,
1568 2860 1662 2917 cui
1696 2861 2001 2917 aeternitas

315 2939 504 2996 omnis
537 2940 832 3015 totiusque
867 2939 1068 2996 mundi
1102 2947 1243 2997 nota
1280 2940 1355 2996 sit
1388 2939 1767 3015 magnitudo?
1849 2939 1999 2996 Nam

315 3019 459 3095 quid
485 3026 584 3076 aut
613 3020 675 3076 in
704 3020 910 3076 studiis
939 3019 1207 3076 humanis
1228 3027 1328 3077 aut
1355 3020 1415 3075 in
1444 3027 1561 3077 tam
1588 3020 1795 3094 exigua
1820 3018 2001 3075 brevi-

313 3107 434 3156 tate
456 3100 608 3157 vitae
636 3118 912 3175 magnum
941 3100 1187 3175 sapienti
1209 3099 1390 3155 videri
1417 3106 1626 3175 potest,
1648 3099 1747 3175 qui
1777 3117 2001 3174 semper

315 3180 510 3236 animo
553 3180 634 3237 sic
677 3178 936 3250 excubat,
969 3189 1034 3236 ut
1068 3180 1122 3237 ei
1156 3179 1297 3235 nihil
1333 3179 1709 3255 improvisum
1744 3177 1999 3235 accidere

314 3260 516 3336 possit,
540 3259 686 3316 nihil
715 3259 1097 3335 inopinatum,
1123 3258 1266 3315 nihil
1302 3258 1539 3316 omnino
1568 3258 1821 3315 novum?
1904 3262 1996 3315 38.
