2235 3581
215 175 277 242 ss
437 188 1029 242 TUSCULANARUM
1075 188 1675 240 msrn'rA‘rmNUM

214 295 413 366 nostri,
439 294 648 372 quibus
675 293 820 349 nihil
850 299 937 350 est
969 291 1216 363 uberiuS,
1247 290 1392 348 nihil
1428 291 1722 362 emditiuS‚
1754 289 1903 347 nihil

213 375 458 452 gravius,
483 374 906 431 mediocritates
927 372 1015 430 vel
1037 372 1536 449 perturbationum
1558 371 1646 428 vel
1673 370 1905 428 morbo-

214 475 341 512 rum
370 455 548 512 animi
576 453 722 511 mihi
750 472 868 510 non
897 471 1028 510 sane
1057 451 1319 529 probant.
1392 450 1583 509 Omne
1602 451 1755 508 enim
1784 471 1907 508 ma-

215 537 351 607 lum,
373 535 546 593 etiam
575 533 879 603 mediocre,
902 533 1119 589 malum
1141 539 1241 589 est.
1328 531 1452 588 Nos
1480 538 1672 588 autem
1700 531 1762 588 id
1786 532 1907 608 agi·

216 636 360 687 muS,
386 623 451 672 ut
478 614 538 671 id
567 615 628 671 in
664 613 920 690 sapiente
955 613 1178 669 nullum
1208 612 1284 669 sit
1312 611 1567 669 omnino,
1654 611 1804 668 Nam
1835 619 1906 668 ut

215 717 438 774 corpuS,
465 696 637 753 etiam
668 695 714 751 si
749 693 1115 750 mediocriter
1148 711 1381 768 aegrum
1419 697 1521 763 est,
1546 710 1747 748 sanum
1781 711 1899 766 non

216 785 318 847 cst,
344 777 423 833 sie
453 777 513 832 in
543 776 736 831 animo
760 775 871 830 ista
890 772 1260 830 mediocritas
1283 778 1437 828 caret
1458 772 1717 829 sanitate.
1790 772 1902 829 Ita-

217 877 326 934 que
349 855 633 934 praeclare
661 854 859 925 nostri,
884 860 951 910 ut
973 853 1082 909 alia
1111 852 1309 922 multa,
1328 851 1670 922 molestiam,
1697 851 1907 908 solliei-

216 937 496 1007 tudinem,
533 952 806 1011 angorem
844 939 1082 1010 propter
1124 931 1560 989 similitudinem
1595 951 1901 1009 corporum

217 1035 516 1093 aegrorum
537 1013 956 1092 aegritudinem
975 1012 1432 1069 nominaverunt.
1500 1018 1591 1069 23.
1624 1011 1756 1069 Hoc
1774 1031 1906 1088 pro-

217 1095 530 1172 pemodum
553 1093 729 1152 verbo
741 1093 944 1150 Graeci
966 1112 1200 1150 omnem
1221 1093 1399 1149 animi
1411 1091 1901 1169 perturbationem

219 1175 538 1252 appellant:
575 1179 785 1232 vocant
819 1173 974 1230 enim
1005 1170 1206 1244 πάθος,
1242 1172 1305 1229 id
1338 1180 1441 1245 est,
1472 1171 1758 1244 morbum,
1782 1172 1907 1249 qui-

219 1275 464 1332 cumque
486 1263 572 1312 est
600 1262 794 1312 motus
823 1254 883 1310 in
912 1254 1106 1310 animo
1137 1252 1416 1310 turbidus.
1502 1251 1561 1308 N
1562 1271 1637 1308 on
1666 1252 1903 1308 meliust

219 1336 403 1413 aegris
421 1336 575 1392 enim
593 1333 929 1412 corporibus
951 1333 1243 1390 simillima
1262 1332 1440 1390 animi
1462 1339 1549 1390 est
1569 1332 1903 1408 aegritudo:

219 1423 278 1472 at
306 1435 424 1473 non
453 1415 654 1472 similis
682 1414 1093 1492 aegrotationis
1127 1420 1214 1470 est
1246 1412 1444 1483 libido,
1476 1431 1596 1469 non
1622 1412 1908 1469 immode-

219 1503 343 1553 rata
375 1496 608 1567 laetitia,
641 1514 784 1572 quae
819 1501 905 1551 est
938 1493 1204 1571 voluptas
1246 1493 1425 1550 animi
1464 1492 1612 1550 elata
1644 1499 1703 1550 et
1734 1493 1908 1570 gesti-

220 1596 335 1633 ens,
421 1575 552 1654 Ipse
582 1576 755 1633 etiam
788 1581 976 1632 metus
1010 1593 1128 1631 non
1158 1581 1244 1630 est·
1276 1572 1464 1630 morbi
1492 1573 1805 1630 admodum
1836 1573 1908 1629 si-

218 1656 390 1729 milis,
429 1655 776 1734 quamquam
811 1654 1159 1732 aegritudini
1194 1660 1281 1711 est
1312 1652 1610 1725 finitimuS,
1644 1653 1743 1710 sed
1776 1671 1909 1729 pro-

219 1737 342 1815 prie
369 1743 436 1795 ut
463 1735 778 1815 aegrotatio
807 1735 867 1792 in
897 1753 1151 1812 corpore,
1184 1734 1264 1792 sic
1292 1733 1592 1812 aegritudo
1621 1733 1682 1790 in
1710 1735 1907 1792 animo

220 1837 433 1875 nomen
454 1817 628 1875 habet
651 1836 768 1874 non
793 1816 1115 1873 seiunctum
1138 1835 1172 1872 a
1191 1814 1406 1873 dolore.
1478 1813 1713 1872 Doloris
1734 1814 1911 1872 huius

219 1898 399 1975 igitur
443 1898 607 1975 origo
651 1896 820 1955 nobis
853 1895 1191 1973 expli-canda
1223 1901 1325 1967 est,
1357 1895 1420 1953 id
1453 1901 1556 1966 est,
1592 1914 1762 1953 causa
1794 1893 1911 1953 effi-

221 1979 376 2035 ciens
397 1977 814 2055 aegritudinem
838 1977 898 2033 in
921 1976 1114 2033 animo
1134 1982 1429 2053 tamquam
1452 1974 1905 2052 aegrotationem

221 2059 282 2115 in
311 2077 565 2135 corpore.
639 2057 789 2114 Nam
811 2064 878 2113 ut
905 2056 1117 2113 medici
1146 2075 1319 2113 causa
1344 2055 1531 2113 morbi
1560 2056 1795 2113 inventa
1816 2074 1910 2112 cu-

221 2138 504 2195 rationem
533 2157 656 2195 esse
687 2138 980 2194 inventam
1015 2142 1242 2213 putant,
1275 2136 1356 2192 sic
1387 2155 1497 2192 nos
1529 2154 1699 2192 causa
1730 2135 1913 2211 aegri-

221 2218 442 2276 tudinis
469 2225 696 2295 reperta
721 2216 992 2274 medendi
1020 2215 1357 2273 facultatem
1386 2215 1748 2292 reperiemus,

303 2298 408 2356 XI.
497 2303 590 2355 24.
636 2298 742 2355 Est
773 2297 954 2375 igitur
984 2316 1155 2353 cansa
1186 2296 1377 2352 omnis
1410 2295 1470 2351 in
1499 2295 1775 2372 opinione
1802 2314 1911 2352 nec

222 2398 356 2436 vero
399 2377 777 2455 aegritudinis
819 2377 1021 2449 solum,
1054 2376 1157 2434 sed
1198 2376 1372 2433 etiam
1410 2374 1756 2451 reliquarum
1791 2393 1910 2431 om-

223 2460 384 2516 nium
426 2457 959 2535 perturbationum:
1005 2476 1149 2533 quae
1195 2461 1330 2512 sunt
1372 2474 1580 2531 genere
1620 2461 1909 2531 quattuor,

223 2537 483 2616 partibus
510 2538 716 2614 plures·
790 2536 938 2593 Nam
963 2556 1094 2593 cum
1116 2536 1307 2593 omnis
1334 2533 1690 2612 perturbatio
1721 2534 1795 2592 sit
1816 2554 1911 2590 an-

225 2619 327 2675 imi
357 2624 551 2674 motus
573 2615 662 2674 vel
691 2615 931 2674 rationis
953 2635 1153 2693 expers
1173 2615 1262 2673 vel
1291 2615 1573 2672 rationem
1604 2634 1915 2692 aspernans

225 2698 313 2755 vel
347 2698 558 2754 rationi
591 2716 710 2754 non
746 2696 1034 2767 obediens,
1071 2696 1235 2774 isque
1267 2702 1463 2753 motus
1506 2701 1604 2751 aut
1637 2693 1776 2751 boni
1812 2702 1915 2750 aut

225 2777 362 2834 mali
411 2777 686 2854 opinione
735 2776 956 2846 citetur,
992 2776 1260 2833 bifariam
1306 2781 1581 2853 quattuor
1621 2772 1915 2850 perturba-

225 2858 414 2914 tiones
447 2856 760 2933 aequaliter
801 2855 1141 2913 distributae
1176 2864 1323 2913 sunt.
1412 2854 1559 2911 Nam
1597 2854 1744 2910 duae
1778 2858 1915 2909 sunt

227 2956 298 2993 ex
331 2936 606 3012 opinione
639 2935 796 3005 boni,
835 2954 1074 3011 quarum
1119 2935 1309 3005 altera,
1342 2935 1609 3011 voluptas
1641 2933 1912 3009 gestienS,

227 3016 290 3072 id
324 3022 425 3087 est,
457 3022 683 3092 praeter
714 3014 954 3071 modum
997 3014 1147 3071 elata
1185 3014 1416 3084 laetitia,
1448 3013 1724 3090 opinione
1757 3032 1917 3089 prae-

229 3095 408 3152 sentis
442 3095 636 3171 magni
671 3093 909 3151 alicuius
941 3093 1098 3164 boni,
1132 3094 1322 3163 altera,
1350 3112 1493 3169 quae
1522 3098 1609 3148 est
1636 3092 1917 3147 immode-

229 3180 353 3231 rata
373 3174 654 3250 appetitio
679 3173 900 3248 opinati
933 3174 1127 3247 magni
1148 3171 1285 3228 boni
1308 3171 1517 3226 rationi
1547 3190 1665 3227 non
1696 3170 1917 3226 obtem-

230 3272 452 3329 perans,
478 3252 564 3309 vel
595 3252 879 3329 cupiditas
909 3260 1060 3308 recte
1083 3249 1168 3307 vel
1196 3249 1380 3305 libido
1402 3249 1516 3306 dici
1540 3257 1748 3325 potest.
1816 3256 1909 3307 25.
