2235 3581
283 171 358 218 -60
515 166 1108 218 TUSCULANARUM
1150 167 1755 219 DISPUTATIONUM

487 267 636 315 Nunc
659 266 812 328 serpit
834 265 998 315 ardor.
1066 266 1112 316 Ο
1131 269 1253 314 ante'
1264 266 1491 315 victrices
1512 282 1709 330 manus,

364 335 442 382 22.
483 332 528 381 Ο
551 341 768 395 pectora,
792 331 838 380 Ο
861 343 1018 393 terga,
1040 331 1086 381 O
1109 331 1407 380 lacertorum
1430 333 1557 380 tori!

486 398 735 446 Vestrone
758 413 930 460 pressu
953 398 1211 461 quondam
1234 398 1519 446 Nemeaeus
1542 399 1621 447 leo
1909 402 1975 452 35

487 464 746 512 Frendens
770 463 954 512 efflavit-
975 464 1194 522 graviter
1216 472 1497 511 extremum
1521 463 1771 513 halitum?

482 529 624 577 Haec
649 529 828 577 dextra
850 530 1084 588 Lernam,
1107 536 1268 577 taetra
1291 537 1513 577 mactata
1534 538 1752 590 excetra,

487 595 712 656 Pacavst,
735 595 857 642 haec
881 595 1189 656 bicorporem
1214 593 1411 641 adflixit
1434 609 1653 653 manum,

486 661 868 722 Erymanthiam
892 660 1016 707 haec
1038 659 1315 707 vastificam
1338 659 1520 707 abiecit
1542 659 1755 720 beluam,

486 726 628 774 Haec
651 741 680 773 e
703 726 943 774 'lartarea
965 725 1154 774 tenebi
1142 740 1219 773 1ca
1242 725 1551 773 abstractum
1577 725 1725 786 plaga.
1912 729 1975 772 ⁴0

487 791 779 853 Tricipitem
804 791 979 838 eduxit
1003 791 1088 853 Hy
1091 791 1183 838 dra
1205 798 1500 850 generatum
1519 791 1736 839 Canem:

489 857 629 905 Haec
653 856 905 904 interemit
928 864 1062 905 tortu
1085 849 1452 918 multiplicabili

483 923 769 970 Draconem
793 922 1059 969 auriferam
1083 922 1260 969 obtutu
1283 921 1430 968 adsel
1432 930 1632 970 vantem
1654 921 1879 969 ar·b01em
1898 939 1909 969 :

484 988 652 1036 Multa
674 987 775 1035 alia
792 987 972 1035 victrix
998 995 1173 1034 nostra
1194 986 1421 1034 lustravit
1444 1001 1640 1046 manus,

485 1053 593 1102 Nec
616 1053 877 1116 quisquam
901 1068 930 1101 e
953 1053 1137 1100 nostris
1158 1052 1317 1114 spolia
1334 1052 1464 1114 cepit
1486 1052 1731 1100 laudibus.
1907 1054 1973 1100 45

289 1163 676 1222 Possumusne
717 1183 824 1221 nos
865 1171 1232 1221 contemnere
1274 1162 1549 1234 dolorem,
1596 1183 1727 1220 cum
1782 1162 1973 1239 ipsum

289 1244 598 1301 Herculem
630 1251 751 1301 tam
787 1244 1160 1301 intoleranter
1192 1243 1385 1300 dolere
1415 1243 1746 1300 videamus?

367 1323 442 1381 X.
529 1331 621 1381 23.
658 1324 875 1383 Veniat
903 1323 1244 1399 Aeschylus,
1274 1342 1393 1380 non
1412 1329 1606 1415 ‘poeta
1638 1323 1840 1394 solum,
1872 1322 1973 1380 sed

286 1403 461 1461 etiam
485 1403 920 1481 Pythagoreus:
959 1404 1038 1460 sic
1061 1403 1215 1460 enim
1235 1404 1574 1481 accepimus,
1645 1402 1773 1471 Quo
1792 1402 1972 1460 modo

285 1484 401 1541 fert
429 1485 583 1562 apud
605 1504 736 1542 eum
759 1484 1141 1542 Prometheus
1162 1482 1438 1554 dolorem,
1462 1503 1633 1560 quem
1662 1483 1875 1559 excipit
1896 1481 1971 1540 ob

285 1564 507 1622 furtum
538 1564 858 1636 Lemnium,

611 1687 761 1734 Unde
783 1685 912 1746 ignis
936 1684 1068 1733 cluet
1091 1685 1386 1732 mortalibus
1410 1685 1541 1732 clam

610 1751 844 1801 Divisus:
879 1765 994 1799 eum
1018 1750 1195 1799 doctus
1220 1750 1549 1799 Prometheus

613 1818 859 1881 Clepsisse
883 1817 998 1864 dolo
1022 1832 1304 1880 poenasque
1327 1816 1438 1864 Iovi

678 1885 807 1931 Fato
831 1882 1127 1946 expendisse
1150 1896 1396 1945 supremo·

284 1994 430 2131 Hash
437 1993 618 2071 igitur
644 2013 860 2071 poenas
882 1994 1156 2071 pendens,
1182 1993 1405 2051 adfixus
1432 1994 1506 2050 ad
1528 1993 1865 2067 Caucasum,
1891 1994 1974 2052 di-

283 2081 364 2131 c1t
435 2093 566 2133 aec:

479 2196 720 2245 Titanum
745 2195 958 2254 suboleS,
985 2195 1120 2243 socia
1141 2194 1297 2243 nostri
1321 2193 1591 2255 sanguiniS‚

481 2263 732 2312 Generata
752 2261 920 2321 Caelo,
943 2260 1149 2323 aspicite
1173 2261 1435 2321 religatum
1459 2260 1646 2323 asperis

481 2329 824 2391 Vinctumque
849 2327 1001 2387 saxis,
1024 2341 1201 2374 navem
1228 2334 1283 2373 ut
1306 2326 1566 2374 horrisono
1588 2326 1717 2374 freto

479 2394 694 2442 Noctem
717 2403 953 2456 paventes
977 2391 1139 2439 timidi
1164 2391 1439 2440 adnectunt
1460 2391 1673 2441 navitae.

482 2460 744 2508 Saturnius
767 2474 847 2507 me
869 2461 942 2507 sic
965 2457 1134 2505 infixit
1157 2456 1395 2519 Iuppiter,
1940 2460 1973 2505 5

482 2525 714 2587 Iovisque
735 2540 916 2572 numen
945 2522 1207 2572 Mulciberi
1230 2523 1405 2570 ascivit
1428 2538 1621 2571 manus.

483 2590 594 2639 Hos
617 2591 698 2638 ille
722 2605 905 2637 cuneos
929 2590 1121 2637 fabrica
1145 2588 1332 2637 crudeli
1357 2588 1592 2648 inserenS,

482 2655 717 2718 Pei-rupit
739 2664 905 2703 artus:
943 2671 1041 2718 qua
1062 2655 1215 2703 miser
1236 2654 1457 2702 sollertia

480 2721 930 2769 Transverberatus
954 2728 1172 2769 castrum
1196 2720 1291 2768 hoc
1315 2719 1579 2767 Furiarum
1602 2718 1779 2769 incolo.

358 2787 436 2834 24.
477 2787 588 2835 lam
614 2787 760 2837 tertio
782 2802 864 2835 me
886 2800 1081 2849 quoque
1103 2787 1304 2834 funesto
1328 2784 1407 2833 die
1912 2786 1977 2832 10

482 2853 638 2901 Tristi
660 2852 895 2901 advolatu
918 2852 1126 2899 aduncis
1150 2850 1373 2899 lacerans
1396 2849 1645 2911 unguibus

483 2919 618 2967 Iovis
642 2918 838 2967 satelles
861 2926 1006 2979 pastu
1030 2916 1240 2964 dilaniat
1263 2917 1383 2965 fero.
1612 2911 1651 2938 ³

484 2984 618 3032 Tum
639 2984 800 3032 iecore
824 2983 992 3045 opimo
1015 2982 1145 3029 farta
1168 2990 1219 3030 et
1239 2982 1423 3030 satiata
1444 2980 1675 3041 adfatim,

485 3049 784 3109 Clangorem
808 3048 972 3097 fundit
989 3055 1186 3095 vastum
1212 3056 1262 3096 et
1286 3048 1496 3097 sublime
1518 3046 1723 3095 avolans

485 3114 705 3163 Pinnata
727 3114 889 3163 cauda
911 3122 1138 3161 nostrum
1161 3112 1332 3163 adulat
1355 3113 1663 3174 sanguinem.
1916 3113 1976 3158 15

487 3179 617 3227 Cum
636 3194 753 3227 vero
776 3179 983 3228 adesum
1007 3178 1183 3227 inflatu
1206 3188 1495 3227 renovatum
1518 3189 1595 3227 est
1619 3179 1771 3238 iecur,

485 3244 617 3292 Tum
640 3260 810 3293 rursus
833 3253 1020 3293 taetros
1043 3244 1190 3293 avida
1214 3259 1266 3293 se
1289 3243 1354 3291 ad
1378 3254 1548 3305 pastus
1571 3244 1735 3291 refert.
