2235 3581
245 157 264 200 1
283 155 340 200 10
469 153 518 200 Τ
523 149 1062 201 USCULANARUM
1106 147 1704 203 DISRUT'AI'IONUM

239 252 461 311 stabat.
445 254 466 296 ²
525 253 625 310 Ad
648 252 884 330 Epicuri
905 251 1361 310 consolationem
1378 251 1521 308 satis
1539 253 1652 308 est
1658 257 1795 310 ante
1816 252 1943 311 dio-

240 342 382 391 tum.

321 413 612 471 XXXIII.
688 413 780 470 79.
817 413 908 470 Ne
935 413 1036 471 illa
1057 412 1291 489 quidem
1321 410 1654 469 firmissima
1675 412 1945 470 consola-

241 495 325 552 tio
359 501 462 566 est,
497 513 843 572 quamquam
887 500 945 550 et
985 493 1200 550 usitata
1239 499 1327 550 est
1368 498 1427 549 et
1460 511 1628 569 saepe
1661 493 1940 569 prodest:

241 573 354 631 N
357 593 432 630 on
461 574 569 632 tibi
599 574 709 632 hoc
738 573 902 632 soli.”
973 573 1222 631 Prodest
1251 573 1389 630 haec
1420 573 1673 649 quidem,
1691 579 1758 630 ut
1786 573 1938 645 dixi,

239 655 341 712 sed
373 673 479 711 nee
507 673 733 730 semper
759 673 864 712 nee
893 653 1179 711 omnibus,
1253 652 1404 710 Sunt
1430 653 1586 709 enim
1610 654 1711 730 qui
1736 673 1943 730 respu-

239 743 357 804 ant,
377 735 479 792 sed
495 735 672 792 refert
693 754 809 811 quo
830 734 1008 791 modo
1031 733 1385 791 adhibeatur.
1450 732 1539 790 Ut
1561 735 1711 790 enim
1730 733 1942 792 tulerit

241 816 480 893 quisque
509 834 724 885 eorum,
747 815 846 892 qui
873 815 1163 891 sapienter
1189 813 1458 883 tulerunt,
1484 831 1603 870 non
1632 833 1746 890 quo
1778 814 1943 890 quis-

241 915 353 973 que
369 895 741 953 incommodo
755 896 1017 953 adfectus
1035 895 1110 951 sit
1128 893 1571 970 praedicandum
1593 901 1693 951 est.
1746 893 1942 970 Chry·

238 977 392 1052 sippi
419 977 493 1034 ad
515 975 812 1034 veritatem
844 975 1173 1032 firmissima
1200 981 1301 1044 est,
1323 973 1397 1030 ad
1422 979 1654 1050 tempus
1681 973 1942 1050 aegritu-

237 1055 392 1112 dinis
419 1055 682 1114 difficilis.
767 1056 1046 1132 Magnum
1076 1075 1225 1132 opus
1259 1062 1345 1112 est
1377 1053 1619 1130 probare
1646 1055 1939 1112 maerenti

237 1135 400 1193 illum
443 1155 546 1194 suo
580 1136 796 1194 iudicio
829 1145 904 1206 et,
937 1135 1096 1212 quod
1128 1155 1189 1192 se
1230 1135 1314 1192 ita
1346 1141 1512 1210 putet
1546 1141 1811 1212 oportere
1844 1135 1939 1192 fa-

237 1235 378 1287 cere,
399 1235 664 1274 maerere.
729 1216 1020 1273 Nimirum
1043 1215 1239 1293 igitur,
1263 1215 1406 1272 utin
1437 1215 1622 1272 causis
1643 1234 1760 1272 non
1784 1234 1938 1272 sem-

237 1315 340 1374 per
372 1297 592 1354 utimur
623 1297 824 1354 eodem
861 1296 1182 1354 statu—sic
1216 1296 1370 1352 enim
1400 1294 1759 1371 appellamus
1794 1314 1937 1352 con-

235 1377 636 1434 troversiarum
653 1376 1046 1454 genera—sed
1057 1376 1133 1433 ad
1149 1384 1396 1452 tempuS,
1414 1375 1485 1432 ad
1506 1376 1935 1434 controversiae

235 1465 516 1528 naturam,
542 1457 614 1515 ad
649 1477 950 1534 personam
985 1455 1505 1526 accommodamuS,
1538 1455 1617 1512 sic
1652 1455 1713 1512 in
1747 1457 1935 1532 aegri·
1962 1497 1969 1504 ·

233 1538 436 1596 tudine
470 1537 736 1595 lenienda
767 1557 941 1614 quam
985 1537 1229 1615 quisque
1274 1536 1630 1594 curationem
1670 1537 1933 1614 recipere

233 1619 418 1696 possit
440 1618 754 1676 videndum
783 1625 886 1676 est.

317 1705 408 1756 80.
441 1699 569 1756 'Sed
611 1699 804 1756 neseio
835 1718 952 1774 quo
994 1705 1165 1775 pacto
1208 1697 1281 1755 ab
1324 1717 1409 1768 e0‚
1442 1697 1601 1774 quod
1644 1704 1767 1754 erat
1798 1717 1835 1754 a
1862 1703 1933 1756 te

232 1778 614 1857 propositum,
640 1777 924 1836 aberravit
957 1778 1159 1837 oratio,
1244 1776 1334 1835 Tu
1369 1777 1523 1836 enim
1558 1778 1631 1837 de
1666 1777 1931 1856 sapiente

233 1859 568 1936 quaesieraS,
594 1859 688 1915 cui
714 1866 816 1916 aut
843 1859 1058 1916 malum
1089 1859 1270 1917 videri
1298 1860 1521 1917 nullum
1549 1867 1743 1936 potest
1766 1861 1931 1937 quod

233 1945 394 1996 vacet
435 1938 796 2016 turpitudine
838 1947 939 1997 aut
971 1941 1056 1997 ita
1088 1958 1329 2016 parvum
1364 1939 1599 2009 malum,
1630 1948 1697 1998 ut
1728 1941 1791 1998 id
1825 1940 1931 1997 ob·-

231 2026 427 2076 ruatur
459 2019 742 2097 sapientia
773 2021 984 2097 vixque
1019 2027 1309 2097 appareat,
1335 2021 1437 2097 qui
1468 2020 1613 2077 nihil
1648 2020 1927 2097 opinione

229 2098 486 2177 adfingat
519 2100 898 2178 adsumat-que
941 2100 1014 2157 ad
1049 2100 1489 2177 aegritudinem,
1521 2120 1625 2158 nee
1660 2101 1721 2158 id
1753 2108 1927 2177 putet

229 2200 351 2239 esse
396 2187 634 2252 rectum,
673 2200 732 2239 se
779 2200 952 2259 quam
1002 2181 1253 2239 maxime
1298 2181 1607 2239 excruciari
1648 2180 1925 2258 luctuque

228 2261 451 2333 confici,
483 2282 599 2340 quo
640 2262 872 2339 pravius
913 2262 1058 2319 nihil
1101 2282 1225 2320 esse
1265 2262 1465 2339 possit.
1551 2262 1801 2319 Edoeuit
1840 2268 1927 2319 ta-

227 2360 364 2400 men
397 2344 562 2414 rati0‚
586 2352 654 2401 ut
687 2343 832 2400 mihi
869 2344 1104 2420 quidem
1140 2342 1384 2413 videtur,
1416 2361 1547 2400 cum
1582 2342 1923 2418 hoc-ipsum

227 2425 460 2500 proprie
494 2444 612 2481 non
643 2430 1006 2501 quaereretur
1038 2423 1151 2481 hoo
1183 2430 1462 2499 tempore,
1494 2441 1634 2479 num
1664 2422 1805 2499 quid
1838 2440 1925 2479 es·-

229 2511 316 2559 set
349 2504 583 2574 malum,
608 2505 720 2561 nisi
755 2503 914 2581 quod
947 2504 1100 2561 idem
1139 2503 1255 2560 dici
1277 2510 1456 2579 ‘turpe
1489 2509 1700 2579 posset,
1726 2510 1921 2559 tamen

229 2590 296 2639 nt
320 2581 657 2654 videremuS,
685 2584 969 2661 quidquid
1005 2590 1155 2641 esset
1186 2584 1247 2640 in
1283 2582 1641 2660 aegritudine
1675 2581 1827 2652 mali,
1859 2582 1920 2639 id

228 2681 347 2719 non
378 2663 634 2719 naturale
657 2682 794 2733 esse,
822 2664 922 2721 sed
943 2664 1267 2720 voluntario
1297 2663 1512 2720 iudicio
1542 2670 1601 2720 et
1628 2662 1923 2739 opinionis

228 2760 417 2799 errore
440 2750 814 2801 contractum.
891 2750 983 2800 81.
1015 2744 1348 2800 Tractatum
1372 2750 1461 2801 est
1480 2751 1673 2801 autem
1696 2762 1732 2799 a
1750 2741 1922 2799 nobis

231 2822 290 2879 id
319 2841 502 2899 genus
529 2824 923 2900 aegritudinis,
945 2823 1103 2901 quod
1126 2843 1306 2881 unum
1338 2830 1425 2881 est
1455 2822 1717 2881 omnium
1744 2822 1923 2879 maxi-

228 2923 409 2973 mum,
442 2911 507 2961 ut
525 2923 609 2962 eo
653 2904 877 2961 sublato
920 2905 1270 2981 reliquorum
1315 2904 1567 2960 remedia
1600 2923 1673 2960 ne
1707 2921 1919 3030 magno

230 3003 402 3059 opere
435 2984 756 3059 quaerenda
783 2983 1201 3039 arbitraremur.

311 3063 600 3119 XXXIV.
647 3062 796 3117 Sunt
843 3063 996 3118 enim
1054 3070 1209 3118 certa
1251 3080 1401 3137 quae
1438 3062 1512 3118 de
1560 3020 1918 3137 paupertate,

229 3148 383 3195 certa
407 3160 550 3230 quae
581 3140 652 3195 de
673 3161 703 3193 v
709 3141 790 3195 ita
810 3140 1155 3196 inhonorata
1176 3146 1235 3197 et
1258 3139 1503 3215 ingloria
1531 3141 1648 3197 dici
1668 3140 1919 3198 soleant:

228 3219 530 3289 separatim
567 3226 750 3274 certae
785 3217 1011 3273 scholae
1047 3224 1182 3274 sunt
1215 3217 1287 3275 de
1322 3219 1540 3290 exsili0,
1570 3220 1645 3283 de
1679 3220 1921 3278 interitu
