2235 3581
665 183 805 234 LIB.
846 181 912 245 1.,
945 172 1104 232 cAP.
1138 171 1523 232 x1.1.-xn111.
1876 187 1947 238 43

253 284 566 342 dissolvere.
645 282 697 340 Ο
725 283 915 341 virum
959 282 1167 361 Sparta
1208 283 1481 361 dignum!
1524 292 1591 342 ut
1630 285 1778 342 mihi
1821 289 1943 365 qui-

255 364 405 436 dem,
439 365 536 442 qui
564 371 685 421 tam
715 383 928 441 magno
957 364 1151 421 animo
1180 363 1373 436 fuerit,
1406 365 1681 423 innocens
1710 366 1942 426 damna-

250 452 349 502 tus
382 463 503 502 esse
532 444 808 501 videatur.
898 449 1028 502 101.
1067 443 1235 502 Tales
1266 445 1711 503 innumerabiles
1744 455 1940 506 nostra

253 525 454 581 civitas
483 524 632 581 tulit.
719 523 835 581 Sed
857 524 996 601 quid
1025 524 1199 582 duces
1222 532 1280 582 et
1307 526 1595 603 principes
1624 527 1935 600 nominem,

252 623 385 660 cum
429 603 686 681 legiones
731 603 940 661 scribat
968 604 1116 662 Cato
1156 625 1323 682 saepe
1356 607 1565 664 alacres
1596 607 1658 664 in
1694 626 1825 664 eum
1861 609 1939 665 lo-

251 703 382 740 cum
414 685 718 760 profectas,
752 684 902 741 unde
935 685 1217 743 redituras
1253 705 1311 743 se
1345 706 1462 743 non
1498 687 1938 745 arbitrarentur?

251 763 387 821 Pari
431 765 625 820 animo
675 763 1113 822 Lacedaemonii
1163 766 1223 823 in
1262 766 1669 844 Thermopylis
1718 768 1937 826 occide-

249 850 402 915 runt,
426 844 484 901 in
517 863 661 921 quos
690 843 1050 903 Simonides:

413 971 531 1030 Dic,
561 971 754 1034 hospes»,
781 972 988 1034 Spartae
1009 987 1100 1022 nos
1124 981 1173 1022 te
1195 973 1276 1022 hic
1299 972 1481 1022 vidisse
1502 974 1739 1037 iacentes,

478 1037 619 1084 Dum
641 1037 828 1086 sanctis
851 1038 1043 1100 patriae
1065 1039 1257 1100 legibus
1280 1037 1614 1102 obsequimur.

250 1152 406 1222 Quid
433 1153 528 1211 ille
551 1153 666 1210 dux
690 1153 974 1211 Leonidas
996 1155 1175 1212 dicit?
1250 1155 1539 1214 Prandete
1559 1158 1929 1232 aninmfhrti,

247 1234 720 1291 Lacedaemonii:
772 1235 937 1292 hodie
977 1236 1139 1309 apud
1178 1236 1389 1310 inferos
1427 1235 1682 1312 fortasse
1723 1239 1933 1294 cenabi-

247 1315 614 1372 mus—Fuit
662 1314 802 1372 haec
852 1334 994 1392 gens
1039 1315 1228 1387 fortia,
1280 1317 1419 1373 dum
1471 1316 1721 1394 Lycurgi
1779 1318 1933 1395 leges

247 1393 520 1472 vigebant
540 1394 686 1452 !—E
709 1394 918 1472 quibus
947 1415 1109 1465 ιιηιιε,
1135 1415 1267 1454 cum
1295 1396 1497 1454 Perses
1526 1397 1711 1454 hostis
1738 1397 1799 1454 in
1821 1397 1934 1454 col-

247 1474 446 1551 loquio
470 1474 709 1532 dixisset
731 1475 1015 1552 glorians:
1064 1475 1259 1533 Solem
1278 1496 1423 1550 prae
1443 1477 1765 1533 iaculorum
1787 1478 1934 1534 mul-

230 1555 506 1611 ·titudine'
524 1563 578 1611 et
607 1555 954 1628 saqittarum
983 1574 1097 1611 non
1126 1557 1401 1613 videbitis
1486 1556 1567 1612 In
1595 1557 1801 1612 umbra
1828 1557 1934 1629 iqi-

252 1639 364 1704 tur,
401 1635 607 1712 inquit,
635 1636 1042 1709 puynabimua
1132 1641 1263 1693 102.
1301 1636 1477 1694 Viros
1510 1655 1929 1695 commemoro:

249 1713 434 1792 qualis
479 1715 714 1772 tandem
760 1715 1052 1773 Lacaena?
1093 1735 1239 1794 quae
1272 1734 1404 1774 cum
1449 1715 1631 1774 filium
1677 1716 1737 1773 in
1772 1736 1934 1795 proe-

247 1794 392 1851 lium
435 1796 684 1853 misisset
725 1804 784 1854 et
823 1797 1195 1855 interfectum
1238 1798 1521 1856 audisset:
1573 1797 1812 1868 IdcircO,
1850 1798 1933 1855 in-

249 1876 394 1952 quit,
421 1896 742 1949 yenueram,
775 1886 843 1933 ut
875 1885 1010 1934 esset
1044 1878 1148 1951 qui
1179 1897 1295 1952 pro
1316 1880 1521 1951 patria
1554 1886 1789 1935 mortem
1818 1898 1933 1935 non

247 1956 536 2012 dubitaret
565 1957 888 2013 occumbere.
951 1953 956 1959 ’

329 2035 550 2093 XLIII.
594 2036 752 2108 Esto,
783 2037 964 2093 fortes
1009 2043 1068 2093 et
1111 2037 1242 2095 duri
1287 2037 1623 2115 Spartiatae,
1660 2057 1930 2115 magnam

245 2115 424 2173 habet
451 2116 568 2173 vim
603 2117 684 2173 rei
724 2116 985 2193 publicae
1024 2117 1340 2195 disciplina.
1418 2117 1610 2187 Quid?
1651 2118 1933 2195 Cyrenae-

247 2216 349 2253 um
377 2196 766 2267 Theodorum,
788 2196 1199 2274 philosophum
1228 2217 1344 2254 non
1375 2198 1707 2275 ignobilem,
1740 2218 1931 2255 nonne

246 2277 560 2333 miramur?
601 2276 695 2334 cui
727 2296 860 2333 cum
894 2275 1269 2353 Lysimachus
1302 2296 1400 2334 rex
1434 2297 1659 2335 crucem
1690 2278 1932 2334 minare·

247 2362 375 2413 tur:
419 2356 578 2426 Istis,
627 2375 847 2430 quaese,
895 2356 1102 2433 inquit,
1155 2357 1268 2413 ista
1314 2357 1615 2413 horribilia
1664 2357 1931 2413 minitare

249 2437 604 2510 purpuratis
635 2437 786 2493 tuis:
830 2436 1109 2493 Theodori
1139 2437 1367 2509 quidem
1394 2437 1547 2493 nihil
1573 2437 1801 2494 interest
1827 2437 1931 2493 hu-

246 2517 398 2573 mine
429 2536 508 2572 an
541 2516 780 2573 sublime
812 2524 1087 2589 putescat.
1166 2516 1345 2575 Cuius
1386 2517 1497 2575 hoc
1540 2517 1697 2574 dicto
1736 2517 1931 2573 admo-

245 2616 404 2667 neor,
435 2605 501 2654 ut
529 2597 748 2674 aliquid
775 2597 949 2653 etiam
979 2596 1050 2653 de
1078 2595 1415 2655 humatione
1444 2604 1501 2655 et
1530 2598 1821 2674 sepultura
1849 2597 1931 2653 di-

247 2677 494 2734 cendum
518 2677 858 2748 existimem,
879 2696 999 2733 rem
1024 2695 1143 2732 non
1172 2676 1479 2748 difficilem,
1504 2678 1575 2734 iis
1596 2677 1928 2754 praesertim

246 2757 512 2834 cognitis»,
551 2776 694 2835 quae
738 2756 810 2813 de
851 2756 996 2813 nihil
1039 2756 1339 2814 sentiendo
1380 2758 1574 2834 paullo
1608 2764 1739 2814 ante
1775 2756 1929 2814 dicta

246 2844 396 2895 sunt.
480 2836 574 2895 De
619 2857 731 2913 qua
781 2836 1042 2893 Socrates
1089 2836 1321 2912 quidem
1350 2836 1503 2914 quid
1552 2838 1791 2894 senserit
1835 2857 1931 2914 ap-

241 2924 408 2995 paret
451 2917 512 2973 in
546 2937 615 2975 eo
650 2917 814 2987 libro,
844 2916 906 2972 in
942 2935 1056 2993 quo
1096 2917 1358 2988 moritur,
1395 2917 1467 2973 de
1502 2936 1617 2994 quo
1658 2917 1771 2973 iam
1807 2923 1928 2973 tam

243 2997 428 3054 multa
461 2997 728 3055 diximus,
818 3001 950 3052 103.
998 2994 1147 3051 Cum
1182 2997 1336 3052 enim
1380 2996 1452 3054 de
1494 2996 1929 3053 immortalitate

244 3078 568 3134 animorum
618 3076 1024 3153 disputavisset
1079 3081 1138 3132 et
1187 3075 1300 3132 iam
1358 3076 1643 3133 moriendi
1698 3082 1929 3151 tempus

241 3164 529 3234 urgueret,
565 3165 800 3233 rogatus
842 3175 880 3213 a
908 3154 1147 3213 Critone
1181 3174 1350 3231 quem
1386 3155 1461 3213 ad
1497 3156 1738 3212 modum
1773 3173 1929 3230 sepe-

241 3236 334 3295 liri
357 3237 559 3295 vellet:
602 3236 864 3294 Multam
893 3254 1036 3305 vere,
1060 3235 1267 3311 inquit,
1292 3254 1536 3309 operam,
1558 3235 1747 3306 amici,
1762 3235 1928 3309 frus-
