2235 3581
201 195 213 232 g
235 170 293 216 16
458 167 1051 219 TUSCULANARUM
1086 167 1572 218 DISPUTATION
1581 167 1684 219 ΠΜ

226 269 493 340 filiorum,
516 270 656 346 quid
678 275 1152 328 testamentorum
1177 270 1493 348 diligentia,
1516 271 1656 348 quid
1683 271 1810 348 ipsa
1831 290 1909 328 se-

226 348 554 426 pulcrorum
577 355 968 420 monumenta,
994 349 1180 426 elogia
1202 349 1528 426 significant
1555 351 1668 409 nisi
1693 371 1802 408 nos
1822 351 1911 408 fu-

230 438 361 486 tura
394 429 568 487 etiam
604 431 894 507 cogitare?
978 436 1070 487 32.
1084 397 1263 498 &Quid
1293 430 1467 488 illud.
1453 431 1473 472 2
1504 450 1644 487 num
1672 430 1910 489 dubitas

226 509 367 585 quin
390 510 679 586 specimen
708 516 943 567 naturae
965 510 1093 602 capi
1122 510 1321 568 deceat
1343 530 1411 568 ex
1435 511 1658 588 optima
1685 530 1910 588 quaque

227 591 466 646 natura?
540 589 700 659 Quae
728 597 815 648 est
841 589 1047 647 melior
1073 590 1254 668 igitur
1280 591 1341 648 in
1369 590 1673 648 hominum
1702 611 1910 683 genere

226 675 431 726 natura
452 689 624 746 quam
660 689 876 742 eorum,
902 671 1002 748 qui
1036 689 1095 728 se
1124 677 1292 728 natos
1320 669 1394 728 ad
1426 671 1733 728 homines
1716 691 1911 728 iuvan-

226 749 348 821 dos,
380 751 671 822 tutandos,
716 751 1135 808 conservandos
1179 750 1562 808 arbitrantur?
1635 751 1804 809 Abiit
1836 752 1910 808 ad

228 829 367 886 deos
416 831 726 888 Hercules:
782 849 1100 907 numquam
1152 831 1378 902 abisset,
1415 831 1543 903 nisi,
1581 850 1712 887 cum
1762 832 1912 888 inter

226 909 490 968 homines
532 917 696 980 esset,
742 930 869 968 eam
912 911 1022 968 sibi
1064 911 1218 968 viam
1265 911 1620 968 munivisset.
1698 911 1913 969 Vetera

229 989 345 1046 iam
375 991 485 1046 ista
513 998 572 1048 et
598 991 873 1068 religione
904 991 1164 1049 omnium
1193 998 1535 1052 consecrata.
1563 1019 1568 1028 ·

308 1070 443 1129 XV.
462 1070 637 1141 ‚Quid
677 1072 739 1128 in
787 1071 894 1128 hac
928 1091 988 1128 re
1020 1071 1253 1148 publica
1284 1077 1376 1128 tot
1416 1077 1722 1148 tantosque
1760 1071 1912 1128 viros

227 1150 304 1207 ob
347 1169 466 1207 rem
508 1150 800 1228 publicam
842 1151 1178 1209 interfectos
1212 1152 1493 1228 cogitasse
1537 1151 1912 1209 arbitramur?

229 1231 509 1288 iisdemne
537 1238 603 1288 ut
635 1231 847 1288 finibus
884 1251 1095 1288 nomen
1131 1251 1298 1288 suum
1335 1231 1543 1308 quibus
1572 1232 1692 1288 vita
1722 1231 1914 1289 termi-

228 1313 494 1370 naretur?
577 1312 764 1369 Nemo
814 1331 1089 1389 umquam
1126 1313 1246 1369 sine
1289 1331 1500 1388 magna
1540 1331 1640 1388 spe
1682 1312 1914 1369 immor-

228 1392 467 1449 talitatis
512 1412 571 1449 se
605 1412 710 1469 pro
744 1392 929 1469 patria
962 1392 1196 1449 offerret
1229 1393 1303 1449 ad
1336 1399 1597 1450 mortem.
1685 1398 1777 1449 33.
1823 1391 1913 1447 Li-

227 1473 349 1529 cuit
398 1492 518 1531 esse
575 1473 763 1530 otioso
820 1472 1215 1544 Themistocli,
1247 1473 1410 1530 licuit
1457 1471 1908 1548 Epaminondae,

220 1559 399 1630 licuit,
424 1579 496 1616 ne
530 1565 590 1615 et
616 1566 807 1616 vetera
840 1564 898 1616 et
926 1564 1160 1616 externa
1194 1577 1477 1635 quaeram,
1502 1557 1664 1629 mihi,
1691 1558 1792 1615 sed
1819 1575 1914 1615 ne-

220 1639 338 1696 3010
370 1658 483 1716 (1110
513 1638 688 1695 1110ἀο
712 1638 1013 1695 inhaeret
998 1657 1059 1694 111
1087 1638 1324 1695 mentib
1317 1658 1378 1694 13
1407 1639 1570 1715 quasi
1597 1639 1912 1696 saeclorum

228 1717 519 1810 quoddam
550 1717 853 1793 augurium
881 1717 1228 1787 futurorum,
1251 1716 1461 1794 idque
1446 1735 1506 1773 111
1535 1717 1803 1774 maximis
1829 1717 1911 1772 in-

224 1798 413 1873 geniis
442 1798 849 1874 altissimisque
878 1797 1085 1854 animis
1114 1804 1172 1855 et
1201 1797 1424 1854 exsistit
1452 1798 1702 1855 maxime
1731 1804 1789 1856 et
1817 1817 1912 1874 ap-

227 1884 391 1954 paret
419 1877 707 1935 facillime.
785 1876 915 1945 Quo
939 1877 1173 1953 quidem
1203 1877 1440 1955 dempto
1464 1878 1594 1955 quis
1619 1884 1741 1935 tam
1763 1885 1912 1935 esset

226 1976 422 2015 amens
451 1958 551 2035 qui
589 1977 815 2034 semper
854 1958 916 2014 in
956 1957 1248 2015 laboribus
1281 1965 1339 2015 et
1366 1958 1634 2034 periculis
1660 1958 1912 2016 viveret?

230 2043 323 2094 34.
371 2036 603 2116 Loquor
658 2038 731 2095 de
774 2037 1162 2115 principibus:
1226 2038 1366 2116 quid
1415 2039 1660 2116 poetae?
1719 2057 1913 2095 nonne

226 2124 361 2194 post
389 2125 634 2175 mortem
665 2117 957 2175 nobilitari
980 2119 1220 2176 volunt?
1294 2118 1470 2177 Unde
1501 2138 1637 2195 ergo
1667 2118 1848 2175 illud?

422 2222 664 2285 Aspicite,
688 2238 719 2271 o
741 2223 888 2283 civeS,
913 2224 1044 2272 senis
1066 2223 1203 2271 Enni
1227 2222 1458 2283 imaginis
1482 2224 1708 2271 formam.

489 2289 589 2337 Hic
606 2297 826 2337 vestrum
848 2289 1027 2351 panxit
1048 2304 1293 2338 maxuma
1314 2289 1450 2339 facta
1469 2296 1687 2351 patrum.

229 2390 547 2449 Mercedem
579 2392 793 2468 gloriae
827 2391 1051 2469 flagitat
1084 2391 1157 2449 ab
1191 2391 1280 2462 iis,
1307 2409 1552 2469 quorum
1594 2398 1785 2467 patres
1818 2392 1914 2449 ad-

227 2471 441 2528 fecerat
468 2471 665 2548 gloria,
690 2472 993 2549 idemque:

462 2584 623 2632 Nemo
647 2599 728 2633 me
749 2584 984 2633 lacrumis
1008 2584 1211 2632 decoret
1236 2597 1326 2631 nec
1351 2582 1524 2631 funera
1546 2582 1670 2631 fletu

527 2650 695 2698 Faxit.
756 2650 892 2699 Cur?
920 2650 1073 2698 101110
1096 2649 1238 2696 111113
1263 2664 1348 2711 pen
1371 2665 1426 2695 οι
1428 2665 1457 2696 ⁴1
1475 2649 1650 2697 11111111.

230 2751 345 2809 Sed
376 2752 513 2829 quid
536 2752 776 2828 poetasv
812 2750 1045 2829 opifices
1066 2757 1202 2827 post
1231 2757 1474 2807 mortem
1505 2748 1798 2807 nobilitari
1820 2768 1914 2805 vo-

228 2832 371 2889 lunt.
451 2831 606 2900 Quid
629 2832 781 2889 enim
807 2831 1047 2887 Phidias
1076 2830 1165 2887 sui
1189 2830 1434 2888 similem
1458 2828 1706 2907 speciem
1736 2827 1915 2886 inclu-

230 2913 307 2968 sit
342 2913 403 2968 in
439 2911 622 2990 clipeo
663 2912 967 2981 Minervae,
1000 2930 1131 2968 cum
1176 2910 1480 2968 inscribere
1523 2928 1640 2966 non
1681 2908 1914 2968 liceret?

231 2991 423 3061 Quid?
476 2993 661 3049 nostri
702 2991 1035 3067 philosophi
1084 3010 1274 3047 nonne
1329 2990 1390 3047 in
1432 2990 1503 3048 iis
1552 2990 1712 3047 libris
1752 2989 1910 3064 ipsiS,

233 3092 377 3149 quos
405 3072 661 3130 scribunt
690 3072 762 3129 de
784 3071 1206 3127 contemnenda
1225 3070 1423 3147 gloria,
1446 3090 1548 3127 sua
1574 3072 1812 3128 nomina
1833 3069 1915 3125 in-

232 3152 523 3209 scribunt?
608 3158 699 3207 35.
739 3150 911 3219 Quod
944 3151 993 3207 si
1027 3150 1289 3208 omnium
1331 3169 1640 3208 consensus
1678 3158 1915 3207 naturae

232 3251 343 3290 vox
374 3238 461 3288 est
494 3250 821 3308 omnesque,
844 3231 942 3310 qui
974 3230 1190 3309 ubique
1225 3237 1374 3302 sunt,
1397 3232 1764 3289 consentiunt
1793 3249 1916 3289 csse
