2235 3581
250 173 345 222 174
477 169 1067 222 TUSCULANARUM
1105 167 1704 218 DISPUTATIONUM

247 273 356 330 nis·
378 272 795 344 verecundiam,
832 271 1300 329 exercitationem
1344 270 1935 348 consuetudinemque

247 352 522 430 patiendi,
547 360 850 430 praecepta
875 351 1255 421 fortitudinia
1276 351 1547 409 duritiam
1570 350 1811 416 virilem,
1832 350 1935 408 sed

247 452 362 490 una
402 453 461 490 se
503 433 645 489 dicit
677 433 1068 489 recordatione
1110 432 1465 508 acquiescere
1498 431 1935 507 praeteritarum

246 513 648 589 voluptatium,
684 519 766 583 ut,
805 513 852 569 si
898 512 1025 588 quis
1074 519 1353 580 aestuanS,
1390 530 1522 569 cum
1568 511 1686 567 vim
1730 510 1935 568 caloris

245 613 361 652 non
391 593 560 651 facile
594 593 863 670 patiatur,
887 592 1172 649 reeordari
1202 591 1340 648 velit
1373 611 1493 648 sese
1526 590 1836 668 aliquando
1870 591 1933 648 in

244 674 515 751 Arpinati
543 679 742 730 nostro
769 672 976 750 gelidis
997 671 1333 729 fluminibus
1358 671 1773 728 circumfusum
1795 671 1935 729 fuis-

245 774 319 812 se.
405 753 462 810 N
465 773 539 810 on
577 753 729 812 enim
760 753 928 810 video
958 772 1073 829 quo
1099 753 1279 809 modo
1308 751 1503 808 sedare
1531 752 1755 827 possint
1782 751 1934 808 mala

244 835 564 910 praesentia
604 833 942 910 praeteritae
986 832 1323 910 voluptates.
1412 832 1503 889 75.
1550 831 1664 888 Sed
1707 850 1839 888 cum
1882 832 1933 889 is

244 914 398 970 dieat
427 933 652 1002 semper
681 913 911 971 beatum
947 933 1067 970 esse
1101 913 1437 989 sapientem,
1461 912 1554 969 cui
1582 911 1771 969 dicere
1799 911 1928 983 hoc,

243 993 292 1049 si
330 993 440 1050 sibi
481 1001 740 1050 constare
778 993 963 1063 vellet,
997 1012 1113 1050 non
1156 993 1367 1063 liceret,
1404 992 1681 1069 quidnam
1721 991 1932 1049 facien-

243 1073 382 1129 dum
430 1079 517 1130 est
560 1073 647 1144 iis,
686 1073 783 1150 qui
827 1073 972 1130 nihil
1018 1072 1422 1150 expetendum,
1466 1071 1611 1128 nihil
1657 1071 1716 1128 in
1762 1071 1931 1130 bonis

243 1153 587 1224 ducendum,
622 1153 777 1231 quod
819 1153 1121 1210 honestate
1158 1159 1362 1221 careat,
1394 1152 1760 1209 existimant?
1835 1151 1930 1209 Me

244 1233 478 1310 quidem
512 1241 742 1291 auctore
770 1235 941 1291 etiam
969 1233 1339 1310 Peripatetici
1361 1240 1689 1309 veteresque
1713 1231 1931 1289 Acade-

243 1314 378 1370 mici
408 1313 690 1371 balbutire
723 1313 1031 1391 aliquando
1060 1313 1325 1370 desinant
1353 1319 1660 1390 aperteque
1694 1318 1753 1369 et
1780 1311 1931 1370 clara

244 1413 381 1451 voce
410 1395 657 1452 audeant
685 1394 872 1451 dicere
903 1393 1129 1450 beatam
1161 1393 1338 1451 vitam
1368 1393 1429 1450 in
1458 1391 1782 1450 Phalaridis
1808 1400 1930 1449 tau-

242 1473 369 1531 rum
400 1474 813 1532 descensuram.
1596 1545 1603 1553 ,

323 1553 582 1612 XXVII.
671 1554 762 1611 76.
809 1553 940 1611 Sint
972 1553 1127 1610 enim
1156 1554 1267 1610 tria
1298 1572 1509 1630 genera
1535 1553 1838 1621 bonorum,
1864 1561 1930 1610 ut

242 1635 358 1690 iam
393 1654 427 1691 a
459 1633 676 1711 laqueis
711 1633 1054 1705 Stoicorum,
1087 1633 1295 1710 quibus
1337 1653 1501 1691 usum
1542 1653 1635 1690 me
1669 1632 1929 1710 pluribus

244 1733 416 1792 quam
446 1714 602 1772 soleo
625 1713 913 1790 intellege,
935 1713 1282 1784 recedamuS,
1304 1714 1420 1771 sint
1442 1733 1575 1771 sane
1597 1712 1693 1770 illa
1719 1732 1929 1790 genera

241 1795 544 1865 bonorum,
581 1794 721 1851 dum
755 1795 1011 1871 eorporis
1045 1801 1104 1851 et
1136 1801 1369 1851 externa
1409 1795 1631 1852 iaceant
1668 1794 1826 1851 humi
1870 1801 1929 1851 et

240 1882 467 1932 tantum
511 1874 705 1943 modo,
731 1874 864 1950 quia
898 1875 1177 1932 sumenda
1210 1875 1341 1944 sint,
1366 1874 1724 1951 appellentur
1758 1874 1925 1945 bona,

241 1955 354 2012 alia
385 1961 580 2012 autem
615 1954 711 2010 illa
737 1954 934 2010 divina
960 1954 1132 2033 longe
1166 1954 1394 2031 lateque
1427 1974 1486 2011 se
1520 1954 1777 2030 pandant
1810 1973 1930 2011 cae-

241 2036 476 2113 lumque
505 2035 863 2110 contingant,
887 2028 1002 2111 [ut]
1035 2054 1102 2091 ea
1136 2034 1234 2111 qui
1268 2035 1513 2111 adeptus
1546 2035 1637 2104 sit,
1662 2054 1763 2091 cur
1795 2054 1928 2092 eum

241 2115 473 2172 beatum
516 2114 694 2171 modo
716 2118 796 2171 ’et
836 2133 954 2171 non
993 2113 1386 2171 beatissimum
1429 2114 1603 2171 etiam
1647 2114 1929 2172 dixerim?

241 2195 518 2253 Dolorem
569 2215 701 2253 vero
757 2195 985 2272 sapiens
1039 2194 1391 2251 extimescet.
1477 2194 1535 2251 Is
1590 2194 1743 2251 enim
1793 2193 1929 2252 huie

153 2313 160 2318 -
241 2276 490 2334 maxime
538 2276 853 2334 sententiae
897 2281 1212 2352 repugnat:
1265 2294 1399 2331 nam
1442 2281 1642 2332 contra
1680 2281 1928 2332 mortem

242 2364 493 2414 nostram
525 2364 696 2435 atque
725 2362 1051 2413 nostrorum
1082 2361 1395 2432 contraque
1423 2354 1841 2433 aegritudinem
1871 2362 1931 2413 et

241 2437 485 2514 reliquas
518 2437 695 2494 animi
730 2436 1188 2514 perturbationes
1222 2436 1360 2493 sat-is
1398 2454 1518 2492 esse
1548 2435 1809 2493 videmur
1841 2454 1931 2492 su-

242 2518 530 2593 periorum
573 2517 793 2574 dierum
837 2516 1329 2593 disputationibus
1370 2516 1574 2573 armati
1618 2522 1675 2572 et
1709 2516 1927 2592 parati:

241 2598 408 2653 dolor
450 2616 570 2654 esse
611 2597 837 2655 videtur
880 2596 1187 2654 acerrimus
1228 2596 1428 2653 virtuti
1470 2596 1839 2665 adversariUS,
1880 2597 1933 2653 is

241 2678 506 2735 ardentes
545 2677 702 2734 faces
741 2678 1067 2754 intemptat,
1098 2676 1149 2733 is
1189 2676 1613 2748 fortitudinem,
1644 2677 1932 2755 magnitu-

241 2758 436 2815 dinem
472 2758 666 2828 animi,
698 2757 1032 2834 patientiam
1069 2775 1131 2813 se
1164 2756 1598 2814 debilitaturum
1641 2758 1928 2814 minatur:

245 2838 336 2895 77.
374 2837 510 2895 huic
545 2838 721 2914 igitur
754 2837 1087 2894 succumbet
1123 2837 1317 2907 virtus,
1345 2836 1475 2895 huic
1510 2837 1678 2895 beata
1710 2837 1931 2914 sapien-

243 2919 318 2975 tis
357 2926 415 2975 et
448 2918 762 2974 constantis
798 2918 900 2973 viri
937 2917 1056 2974 vita
1087 2916 1267 2974 cedet.
1355 2916 1539 2985 Quam
1574 2925 1760 2994 turpe,
1784 2916 1839 2975 Ο
1866 2917 1931 2974 di

213 2998 413 3055 boni!
500 2997 671 3054 Pueri
701 2994 1024 3073 Spartiatae
1059 3016 1177 3053 non
1213 2997 1600 3073 ingemiscunt
1628 2997 1928 3055 verberum

242 3078 438 3133 dolore
469 3077 680 3134 laniat-i.
765 3076 1237 3134 Adolescentium
1267 3096 1472 3152 greges
1501 3077 1927 3145 Lacedaemone

244 3157 491 3213 vidimus
521 3157 629 3233 ipsi
651 3156 971 3214 incredibili
992 3157 1363 3213 contentione
1392 3164 1675 3215 certantes
1695 3157 1925 3233 pugnis,

243 3235 506 3306 calcibuS,
532 3236 836 3313 unguibus,
861 3255 1056 3293 morsu
1084 3236 1349 3311 denique,
1375 3256 1505 3294 cum
1542 3238 1928 3295 exanimaren-
