2235 3581
691 182 828 230 ΜΒ.
872 182 982 241 lv„
1017 183 1175 230 cAP.
1213 181 1713 230 xxx1.-XXXIV.
1959 185 2043 230 141

359 283 518 352 Quid
547 284 724 359 crgo?
767 281 860 339 hic
889 301 1052 339 amor
1081 282 1316 340 Medeae
1341 283 1937 360 quanta·mise1·iarum
1961 303 2053 342 ex-

359 363 563 422 citavit
593 363 890 420 incendia!
959 363 1157 439 Atque
1192 382 1259 420 ea
1290 370 1484 420 tamen
1520 363 1676 440 apud
1709 363 1885 420 alium
1914 371 2053 441 poe-

360 451 483 502 tam
512 444 666 520 patri
693 443 882 500 dicere
911 443 1086 500 audet
1115 463 1173 500 se
1204 443 1493 516 coniuyem
1522 442 1789 500 habuisse

323 635 330 642 ¹
360 576 530 636 Illum,
567 575 726 622 Amor
761 587 911 638 quem
951 573 1173 633 dederat,
1212 574 1295 636 qui
1335 573 1444 644 plus
1487 573 1640 637 pollet
1682 575 1939 638 potiorque
1975 585 2053 627 est

557 650 716 703 patre.
1864 666 1870 671 ·

349 815 358 822 ,
445 758 736 816 XXXIII.
799 758 890 816 70.
930 757 1044 815 Sed
1066 764 1272 834 poetas
1294 757 1488 816 ludere
1512 759 2046 836 sinamuS,q1101·um

361 839 576 897 fabulis
606 839 664 895 in
694 839 804 896 hoc
833 837 1057 915 flagitio
1087 837 1299 894 versari
1328 838 1518 914 ipsum
1550 838 1809 898 videmus
1834 839 2047 897 Iovem.

362 920 462 976 Ad
515 919 822 996 magistros
872 919 1116 988 virtutiS‚
1167 917 1559 994 pl1ilosophOS‚
1599 919 1909 989 veniamne,
1952 922 2051 996 qui

361 1019 618 1057 amorem
647 1006 861 1076 negant
890 999 1072 1075 stupri
1103 1017 1223 1054 esse
1254 1006 1311 1055 et
1333 999 1393 1054 in
1417 1017 1485 1055 eo
1508 998 1739 1076 litigant
1762 1019 1889 1056 cum
1919 1000 2051 1076 Epi-

361 1100 500 1138 curo
548 1099 666 1137 non
713 1079 979 1149 multum,
1021 1086 1087 1135 ut
1136 1079 1334 1154 opinio
1367 1098 1507 1156 ‚mea
1543 1079 1675 1149 fert,
1714 1081 2045 1138 mentiente.

361 1160 507 1229 Quis
540 1167 628 1218 est
669 1160 820 1217 enim
857 1159 965 1218 iste
999 1178 1163 1215 amor
1190 1159 1511 1216 amicitiae?
1585 1159 1704 1216 Cur
1737 1179 1922 1237 neque
1957 1160 2051 1218 de-

361 1241 610 1298 formem
645 1240 1063 1297 adolescentem
1097 1239 1394 1315 quisquam
1428 1246 1583 1295 amat
1617 1258 1802 1316 neque
1835 1241 2051 1296 formo-

362 1341 490 1379 sum
521 1321 752 1378 senem?
833 1319 978 1376 Mihi
1001 1319 1237 1396 quidem
1269 1319 1406 1376 haec
1437 1319 1495 1374 in
1517 1319 1861 1376 Graecorum
1888 1340 2050 1396 gym-

361 1402 536 1458 nasiis
560 1408 693 1458 nata
720 1401 1073 1458 consuetudo
1098 1399 1338 1470 videtur,
1364 1399 1421 1454 in
1449 1399 1657 1476 quibus
1686 1399 1781 1456 isti
1806 1400 1969 1458 liberi
1993 1408 2051 1458 et

362 1481 616 1539 concessi
647 1488 780 1538 sunt
809 1500 1045 1537 amores,
1132 1479 1293 1536 Bene
1322 1499 1459 1556 crgo
1490 1479 1742 1538 Ennius:

519 1608 704 1670 Flagiti
727 1607 1020 1671 principium
1047 1617 1123 1656 cst
1146 1606 1335 1654 nudare
1358 1607 1489 1654 inter
1512 1607 1633 1655 civis
1657 1622 1877 1671 corpora.

362 1726 564 1795 Quint
593 1725 723 1796 sint,
751 1725 907 1803 quod
927 1723 1049 1782 fieri
1072 1743 1241 1802 posse
1264 1723 1449 1795 vide0‚
1475 1724 1690 1803 pudici,
1718 1725 1948 1783 solliciti
1970 1733 2050 1784 ta-

363 1827 496 1864 men
531 1812 589 1863 et
622 1806 776 1863 anxii
811 1813 945 1863 sunt
979 1825 1160 1883 eoque
1194 1806 1397 1883 magiS‚
1432 1806 1587 1883 quod
1630 1826 1689 1864 se
1723 1807 1834 1885 ipsi
1870 1808 2050 1865 conti-

363 1894 503 1944 nent
537 1893 594 1944 et
632 1893 914 1943 coercent.
1003 1886 1094 1943 71.
1135 1885 1345 1963 Atque,
1380 1892 1444 1943 ut
1476 1887 1783 1945 muliebres
1826 1908 2049 1945 amores

363 1968 648 2038 omittam,
674 1966 880 2043 quibus
901 1966 1178 2023 maiorem
1202 1966 1491 2023 licentiam
1516 1974 1720 2025 natura
1748 1969 2045 2039 concessit,

363 2048 490 2124 quis
520 2054 620 2104 aut
654 2047 724 2104 de
746 2046 1070 2124 Ganymedi
1099 2053 1271 2123 raptu
1300 2046 1529 2104 dubitat
1560 2048 1699 2124 quid
1727 2055 1937 2125 poetae
1958 2069 2049 2106 ve-

363 2128 472 2185 lint
513 2135 613 2185 aut
654 2146 770 2183 non
805 2126 1088 2203 intellegit
1123 2126 1263 2203 quid
1306 2128 1462 2203 apud
1496 2127 1835 2205 Euripidem
1878 2136 1935 2186 et
1968 2128 2049 2185 lo·

362 2216 572 2285 quatur
599 2215 657 2265 et
683 2208 880 2284 cupiat
913 2206 1121 2263 Laius?
1164 2206 1305 2283 quid
1338 2207 1589 2285 denique
1624 2207 1888 2266 homines
1916 2210 2049 2266 doc-

362 2288 573 2345 tissimi
615 2295 673 2345 et
715 2288 924 2344 summi
957 2293 1167 2363 poetae
1209 2286 1280 2344 de
1324 2308 1383 2345 se
1427 2288 1565 2365 ipsis
1608 2296 1666 2345 et
1699 2290 2047 2346 carminibus

361 2368 542 2425 edunt
571 2374 629 2425 et
657 2367 952 2425 cantibus?
1035 2366 1222 2424 Fortis
1244 2368 1331 2423 vir
1352 2368 1411 2425 in
1442 2388 1544 2425 sua
1570 2388 1631 2425 re
1660 2369 1890 2445 publica
1918 2389 2047 2446 cog-

363 2448 519 2505 nitus
541 2467 684 2525 quae
715 2447 786 2505 de
817 2448 1084 2505 iuvenum
1109 2467 1303 2505 amore
1326 2449 1524 2505 scribit
1548 2448 1823 2506 Alcaeus!
1896 2449 2044 2506 Nam

363 2527 742 2585 Anacreontis
778 2528 1010 2605 quidem
1047 2537 1173 2585 tota
1205 2529 1399 2605 poesis
1434 2538 1519 2586 est
1554 2530 1844 2587 amatoria.
1932 2530 2048 2587 Ma-

362 2607 516 2665 xime
550 2628 684 2665 vero
719 2608 978 2665 omnium
1014 2607 1281 2685 flagrasse
1325 2628 1517 2666 amore
1551 2608 1879 2685 Rheginum
1918 2610 2049 2687 Iby-

362 2706 494 2743 cum
525 2696 764 2764 apparet
792 2708 859 2745 ex
892 2688 1135 2764 scriptis,

444 2766 732 2826 XXXIV.
775 2769 964 2845 Atque
1009 2769 1213 2826 horum
1259 2770 1519 2825 omnium
1553 2769 1893 2827 libidinosos
1928 2791 2047 2827 esse

361 2866 584 2904 amores
619 2848 893 2905 videmus,
981 2848 1322 2925 Philosophi
1358 2868 1554 2907 sumus
1596 2850 1779 2907 exorti
1822 2859 1880 2907 et
1922 2870 2049 2907 auc-

361 2934 486 2983 tore
510 2928 742 3005 quidem
774 2937 970 2985 nostro
995 2928 1254 2998 Platone,
1278 2947 1448 3005 quem
1473 2949 1589 2986 non
1613 2929 1820 2986 iniuria
1847 2930 2046 2987 Dicae-

361 3006 565 3064 archus
599 3015 841 3077 accusat‚
868 3009 966 3085 qui
1000 3008 1183 3064 amori
1216 3009 1613 3067 auctoritatem
1651 3010 2043 3067 tribueremus,

365 3086 457 3143 72.
505 3087 685 3145 Stoici
722 3107 854 3145 vero
889 3095 947 3145 et
981 3088 1299 3164 sapientem
1334 3097 1655 3146 amaturum
1692 3108 1811 3145 esse
1847 3089 2047 3146 dicunt

360 3174 422 3225 et
463 3187 717 3225 amorem
761 3170 952 3245 ipsum
996 3175 1265 3225 conatum
1310 3170 1595 3225 amicitiae
1637 3168 1935 3225 faciendae
1978 3189 2047 3226 ex

360 3248 809 3325 pulchritudinis
832 3249 1018 3325 specie
1042 3248 1339 3369 definlipnt.
1400 3248 1513 3317 Qui
1543 3250 1591 3305 si
1614 3249 1741 3325 quis
1770 3255 1855 3305 est
1884 3249 1943 3313 in
1967 3268 2048 3310 re-

2034 3436 2219 3535 ᾇ]
