2235 3581
179 125 272 174 102
365 121 960 174 TUSCULANARUM
1005 123 1604 176 DISPU'I‘ATIONUM

174 225 343 282 detur
376 225 515 296 dice,
547 224 658 282 nisi
692 225 849 302 quod
885 225 1030 282 ratio
1066 225 1347 302 quaedam
1385 234 1546 284 sanat
1580 227 1724 300 illos,
1756 227 1874 291 hos

173 306 300 382 ipsa
332 312 550 377 natura,
587 304 882 362 intellecto
917 325 1004 375 e0,
1041 306 1201 382 quod
1242 325 1363 363 rem
1407 307 1683 379 continet,
1718 308 1873 368 illud

174 385 408 457 malum,
448 385 604 461 quod
647 405 700 460 o]
731 387 946 442 inatum
993 386 1068 442 sit
1110 405 1233 443 esse
1275 387 1611 458 maximum,
1654 408 1873 466 nequa-

175 485 348 543 qnam
387 484 506 522 esse
541 473 787 534 tantum,
813 473 878 522 ut
905 466 1082 523 vitam
1120 465 1346 522 beatam
1382 469 1565 544 possit
1594 477 1865 528 evertere.

176 551 268 605 59.
314 545 446 603 Hoc
481 546 659 623 igitur
691 545 950 618 efficitur,
977 553 1044 602 ut
1076 566 1144 604 ex
1181 547 1280 603 illo
1315 548 1660 624 necopinato
1694 549 1871 626 plaga

172 626 357 683 maior
391 626 482 697 sit,
504 645 638 697 non,
676 633 742 683 ut
776 625 858 682 illi
893 632 1117 703 putant,
1152 634 1232 696 ut,
1271 646 1401 684 cum
1439 627 1666 685 duobus
1700 649 1869 706 pares

173 725 336 764 casus
378 707 686 777 evenerint,
721 707 768 763 is
809 707 987 764 modo
1027 707 1389 783 aegritudine
1423 707 1737 779 adficiatur,
1771 711 1867 768 cui

173 786 267 843 ille
297 787 642 864 necopinato
671 806 835 844 casus
857 787 1125 844 evenerit.
1212 787 1417 864 Itaque
1446 788 1717 846 dicuntur
1744 809 1863 846 non

173 866 314 923 nulli
361 867 420 923 in
471 886 743 937 maerore,
775 886 906 924 cum
935 867 1021 940 ‚de
1065 867 1175 925 hac
1216 869 1513 926 communi
1559 867 1863 927 hominum

173 945 512 1002 condicione
535 947 930 1022 audivissent,
972 967 1038 1004 ea
1085 947 1215 1024 lege
1262 968 1385 1006 esse
1430 968 1537 1004 noa
1580 957 1765 1022 natOS,
1798 957 1867 1008 ut

172 1044 342 1082 nemo
371 1026 432 1083 in
461 1034 804 1103 perpetuum
839 1047 960 1085 esse
994 1036 1191 1103 posset
1218 1048 1420 1105 expers
1447 1029 1601 1101 mali,
1630 1030 1865 1106 gravius

172 1106 344 1163 etiam
375 1105 590 1164 tulisse.

253 1185 449 1243 XXV.
489 1186 771 1255 Quocirca
791 1186 1131 1258 Carneadea,
1154 1195 1219 1245 ut
1240 1188 1409 1246 video
1438 1197 1699 1246 nostrum
1730 1190 1865 1247 scri-

171 1264 304 1323 bere
319 1266 698 1337 Antiochum,
719 1266 1057 1344 reprendere
1076 1267 1469 1346 Chrysippum
1493 1269 1729 1342 solebat,
1747 1270 1864 1328 lau·

171 1345 408 1404 dantem
435 1347 812 1424 Euripideum
841 1366 1070 1404 carmen
1099 1345 1277 1405 illud:

301 1469 531 1517 Mortalis
555 1484 702 1518 nemo
721 1477 796 1516 est
820 1483 966 1531 quem
991 1483 1091 1518 non
1115 1470 1333 1530 attingat
1356 1470 1499 1520 dolor

302 1535 637 1597 Morbus-qne:
678 1535 848 1581 munis
871 1545 987 1582 sunt
1010 1535 1254 1582 humandi
1272 1535 1427 1596 liberi,

300 1600 520 1648 Rursum
544 1601 762 1660 creandi,
786 1615 1018 1662 morsque
1041 1609 1116 1648 est
1138 1601 1283 1648 finita
1307 1602 1551 1662 omnibus,

301 1666 444 1725 Quae
463 1666 631 1725 generi
655 1665 876 1714 humano
898 1681 1136 1726 angorem
1160 1667 1495 1730 nequidquam
1520 1668 1765 1718 adferunt.

301 1730 576 1795 Reddenda
599 1740 759 1778 terrae
782 1741 856 1779 est
879 1739 1026 1790 terra,
1047 1739 1153 1778 tum
1174 1733 1279 1780 vita
1300 1733 1528 1781 omnibus

299 1796 554 1857 Metenda,
581 1805 634 1844 nt
659 1796 840 1857 fruges.
917 1798 999 1846 Sic
1021 1797 1159 1845 iubet
1182 1798 1483 1847 Necessitas.

169 1920 260 1973 60.
309 1913 576 1990 Negabat
603 1933 788 1990 genus
820 1914 931 1972 hoc
961 1915 1237 1973 orationis
1267 1916 1583 1994 quidquam
1618 1917 1859 1975 omnino

167 1996 242 2052 ad
283 1995 584 2053 levandam
627 1994 1048 2072 aegritudinem
1091 1996 1395 2072 pertinere.
1480 1996 1551 2054 Id
1584 1998 1736 2055 enim
1774 1998 1859 2075 ip-

168 2096 292 2133 sum
329 2075 642 2133 dolendum
690 2093 812 2133 esse
854 2075 1098 2146 dicebat,
1125 2076 1283 2152 quod
1316 2076 1375 2132 in
1410 2083 1529 2133 tam
1569 2077 1857 2135 crudelem

168 2156 565 2215 necessitatem
599 2155 1013 2214 incidissemus.
1100 2156 1252 2212 Nam
1284 2156 1439 2215 illam
1473 2157 1705 2234 quidem
1737 2178 1857 2215 ora-

167 2238 388 2296 tionem
423 2257 492 2297 ex
527 2236 1078 2296 commemoratione
1111 2235 1429 2293 alienorum
1465 2237 1743 2295 malorum
1782 2239 1856 2297 ad

166 2318 478 2376 malevolos
521 2318 904 2377 consolandos
945 2336 1066 2373 esse
1109 2317 1619 2375 accommodatam.
1706 2316 1855 2375 Mihi

167 2418 300 2455 vero
335 2398 506 2475 longe
535 2400 763 2457 videtur
797 2417 973 2456 secus
1060 2396 1215 2454 Nam
1245 2404 1303 2454 et
1335 2399 1643 2456 necessitas
1670 2398 1857 2455 feren-

168 2477 273 2534 dae
315 2478 674 2536 condicionis
728 2480 1012 2536 humanae
1055 2477 1219 2554 quasi
1270 2496 1403 2534 cum
1447 2478 1557 2535 deo
1600 2496 1855 2555 pugnare

167 2556 437 2633 prohibet
470 2558 856 2638 admonetque
891 2578 1012 2617 esse
1045 2557 1363 2628 hominem,
1396 2577 1541 2636 quae
1574 2558 1855 2633 cogitatio

167 2655 380 2713 magno
415 2657 586 2714 opere
620 2638 839 2696 luctum
874 2639 1040 2709 levat,
1073 2646 1133 2696 et
1177 2638 1533 2695 enumeratio
1570 2638 1858 2715 exemplo-

167 2735 312 2787 rum,
337 2735 452 2773 non
479 2726 542 2775 ut
571 2719 826 2775 animum
849 2718 1261 2777 malevolorum
1287 2718 1552 2788 oblectet,
1577 2718 1852 2789 adfertur,

169 2797 266 2854 sed
291 2804 356 2853 ut
377 2797 488 2866 ille,
510 2798 610 2875 qui
631 2808 864 2869 maeret,
891 2798 1192 2855 ferendum
1218 2798 1327 2855 sibi
1348 2798 1409 2856 id
1432 2805 1676 2867 censeat,
1699 2798 1857 2874 quod

167 2876 360 2934 videat
375 2877 590 2935 multos
607 2879 900 2936 moderate
920 2886 978 2936 et
999 2879 1305 2955 tranquille
1326 2879 1539 2937 tulisse.
1602 2884 1693 2935 61.
1720 2878 1857 2936 Om-

166 2956 338 3013 nibus
360 2957 511 3014 enim
535 2958 726 3015 modis
743 2958 1018 3015 fulciendi
1042 2964 1192 3027 sunt,
1216 2960 1314 3033 qui
1336 2967 1512 3016 ruunt
1534 2978 1638 3016 nec
1658 2957 1856 3015 cohae-

165 3052 286 3091 rere
309 3042 552 3109 possunt
571 3044 808 3111 propter
828 3036 1289 3109 magnitudinem
1314 3039 1705 3114 aegritudinis,
1766 3036 1856 3094 Ex

167 3129 282 3183 quo
325 3114 509 3187 ipsam
553 3114 973 3188 aegritudinem
1014 3112 1202 3181 λύπην
1244 3115 1622 3193 Chrysippus,
1662 3112 1854 3194 [quasi

164 3186 346 3259 λύσιν,
378 3191 441 3245 id
474 3188 584 3265 est]
622 3190 965 3247 solutionem
1002 3192 1185 3247 totius
1218 3191 1471 3251 hominis
1504 3197 1851 3271 appellatam
