2235 3581
602 196 608 202 .
653 153 955 213 Lm..111.,
987 153 1143 203 CAP.
1182 151 1622 204 xxx-mu.
1900 156 1993 202 109

304 256 430 314 fere
474 275 602 314 nos.
621 255 684 312 in
717 254 1129 313 Consolatione
1184 254 1383 312 omnia
1436 253 1499 312 in
1541 253 1994 312 consolationem

306 355 482 403 unam
519 335 899 393 coniecimus:
945 342 1068 392 erat
1105 335 1263 393 enim
1304 336 1365 392 in
1406 342 1634 392 tumore
1676 334 1903 391 animus
1936 342 1999 392 et

307 417 502 474 omnis
533 416 594 473 in
636 435 708 474 eo
738 415 1131 492 temptabatur
1171 415 1405 473 curatiO.
1460 415 1606 474 ‘Sed
1649 406 1995 476 sumendum

305 506 540 575 tempus
566 503 654 554 est
681 515 800 553 non
827 496 1020 552 minus
1048 496 1108 552 in
1138 495 1463 554 animorum
1490 495 1709 553 morbis
1731 495 1993 573 quam‘h

305 597 633 655 corporum,
653 584 722 634 ut
749 575 1133 634 Prometheus
1162 576 1256 634 ille
1279 575 1572 654 Aeschyli,
1596 576 1687 633 cui
1717 595 1849 634 cum
1879 576 1995 634 dic-

305 665 434 716 tum
463 665 648 716 esset:

537 785 712 849 Atqui,
733 785 1053 846 Promethea,
1077 795 1129 833 te
1150 785 1246 832 hoc
1271 793 1437 835 tenere
1460 785 1714 848 existimO,

537 851 733 901 Mederi
755 867 900 916 posse
924 851 1167 901 rationem
1192 850 1495 912 iracundiae,

305 975 608 1052 respondit
626 993 642 1031 t

537 1103 588 1152 Si
613 1102 816 1167 quidem
839 1103 925 1166 qui
949 1103 1293 1166 tempestivam
1318 1103 1621 1152 medicinam
1644 1104 1923 1156 admovens

535 1169 651 1217 Non
675 1169 1032 1230 adgravescens
1054 1169 1234 1216 vulnus
1258 1169 1419 1217 illidat
1444 1185 1610 1218 mann.

385 1295 646 1354 XXXII.
726 1295 817 1354 77.
853 1295 986 1354 Erit,
1007 1296 1189 1373 igitur
1209 1297 1270 1354 in
1298 1297 1787 1354 consolationibus
1808 1299 1998 1374 prima

305 1378 596 1435 medicina
628 1377 830 1434 docere
865 1383 966 1434 aut
999 1377 1221 1434 nullum
1254 1377 1471 1434 malum
1508 1397 1629 1435 esse
1662 1385 1763 1434 aut
1800 1378 1997 1436 admo-

305 1458 446 1516 dum
475 1476 732 1534 parvum,
753 1456 932 1514 altera
955 1463 1018 1514 et
1043 1457 1116 1514 de
1144 1459 1441 1515 communi
1474 1458 1815 1516 condicione
1846 1459 1995 1516 vitae

305 1547 364 1594 et
395 1537 648 1618 proprie,
677 1538 725 1594 si
755 1536 896 1614 quid
930 1537 1008 1594 sit
1039 1537 1114 1595 de
1144 1537 1342 1614 ipsiuS,
1373 1538 1472 1614 qui
1506 1546 1771 1608 maereat,
1802 1538 1995 1616 dispu-

304 1617 565 1687 tandum,
596 1618 770 1675 tertia
799 1637 1083 1674 summam
1122 1637 1243 1676 esse
1277 1617 1579 1675 stultitiam
1615 1619 1831 1676 frustra
1862 1637 1995 1676 con-

303 1699 397 1756 fici
414 1717 688 1770 maerore,
707 1717 840 1755 cum
862 1697 1163 1774 intellegas
1188 1698 1332 1756 nihil
1364 1717 1528 1774 posse
1556 1698 1774 1775 profici.
1840 1698 1991 1756 Nam

305 1778 616 1837 Cleanthes
636 1778 870 1857 quidem
899 1779 1219 1855 sapientem
1246 1779 1589 1851 consolatur,
1612 1780 1710 1857 qui
1738 1779 1995 1837 consola-

303 1860 464 1917 tione
491 1879 612 1917 non
639 1866 788 1936 eget.
872 1860 1036 1917 Nihil
1065 1860 1221 1917 enim
1248 1879 1369 1917 esse
1402 1860 1618 1917 malum
1638 1860 1796 1936 quod
1822 1868 1995 1937 turpe

304 1960 420 1997 non
449 1941 544 2011 sit,
565 1940 613 1997 si
642 1939 864 2017 lugenti
893 1940 1255 2017 persuaseriS,
1279 1959 1396 1997 non
1425 1948 1491 1998 tu
1519 1940 1605 1997 illi
1632 1940 1869 2011 luctum,
1891 1940 1993 1997 sed

305 2019 612 2079 stultit-iam
641 2021 982 2081 detraxeris:
1025 2020 1277 2078 alienum
1306 2027 1499 2077 autem
1526 2028 1758 2097 tempus
1786 2020 1994 2079 docen-

303 2100 380 2159 di.
442 2101 521 2158 Et
548 2108 741 2159 tamen
771 2120 888 2175 non
919 2100 1062 2159 satis
1082 2100 1230 2157 mihi
1251 2100 1481 2158 videtur
1500 2100 1707 2157 vidisse
1736 2100 1847 2158 hoc
1868 2100 1993 2157 Cle-

303 2181 524 2253 anthes,
555 2181 768 2258 suscipi
801 2180 1111 2258 aliquando
1154 2181 1574 2257 aegritudinem
1616 2200 1787 2257 posse
1819 2200 1887 2237 ex
1922 2200 1991 2237 eo

302 2262 448 2338 ipse,
480 2261 638 2339 quod
671 2281 794 2319 esse
825 2280 1117 2319 summum
1160 2260 1377 2318 malum
1410 2260 1723 2317 Cleanthes
1753 2261 1877 2337 ipse
1909 2260 1993 2317 fa-

301 2340 530 2400 teatur.·
577 2341 732 2411 Quid
769 2341 924 2399 enim
953 2341 1228 2411 dicemuS,
1254 2360 1386 2397 cum
1416 2340 1682 2397 Socrates
1702 2340 1991 2397 Alcibiadi

301 2422 694 2499 persuasisset,
722 2428 790 2479 ut
830 2422 1173 2499 accepimuS,
1210 2440 1343 2479 eum
1384 2420 1531 2477 nihil
1572 2419 1831 2477 hominis
1872 2440 1991 2478 esse

299 2522 405 2560 nec
435 2502 754 2580 quidquam
788 2503 938 2559 inter
970 2500 1329 2558 Alcibiadem
1365 2518 1597 2557 summo
1626 2498 1759 2557 loco
1790 2508 1989 2558 natum

300 2590 358 2639 et
389 2584 654 2659 quemvis
683 2582 940 2640 baiulum
975 2582 1267 2651 interesse,
1288 2600 1420 2637 cum
1456 2600 1519 2637 se
1541 2579 1873 2638 Alcibiades
1898 2580 1993 2638 ad-

298 2662 548 2721 flictaret
577 2662 994 2738 lacrimansque
1035 2661 1259 2718 Socrati
1302 2660 1543 2737 supplex
1586 2668 1751 2732 esset,
1782 2668 1849 2718 ut
1882 2661 1991 2717 sibi

301 2743 575 2801 virtutem
619 2742 874 2800 traderet
914 2741 1453 2818 turpitudinemque
1492 2740 1821 2817 depelleret,
1853 2740 1993 2817 quid

299 2822 576 2894 dicemuS,
601 2822 918 2880 Cleanthe?
959 2841 1099 2879 num
1130 2821 1190 2877 in
1220 2820 1322 2877 illa
1350 2840 1430 2890 re,
1454 2839 1601 2897 quae
1632 2820 1993 2897 aegritudine

297 2902 665 2961 Alcibiadem
694 2900 1016 2972 adficiebat,
1037 2900 1177 2958 mali
1204 2900 1350 2956 nihil
1381 2900 1595 2957 fuisse?
1672 2899 1704 2957 7
1712 2908 1763 2957 8.
1802 2898 1994 2967 Quid?

298 2980 400 3040 illa
419 2982 670 3059 Lyconis
688 2981 879 3059 qualia
899 2982 1070 3038 sunt?
1105 2980 1206 3057 qui
1228 2980 1650 3056 aegritudinem
1680 2987 1995 3035 extenuans

297 3062 493 3139 parvis
521 3063 604 3119 ait
632 3081 758 3119 eam
787 3060 958 3118 rebus
985 3060 1225 3131 moveri,
1243 3060 1515 3116 fortunae
1542 3065 1600 3116 et
1629 3057 1887 3133 corporis
1913 3058 1996 3113 in-

299 3142 644 3211 commodiS,
666 3160 793 3201 non,
813 3140 994 3197 animi
1018 3140 1203 3195 malis,
1267 3139 1424 3205 Quid
1445 3139 1621 3210 ergo?
1656 3136 1814 3203 illud,
1838 3137 1996 3209 quod

301 3220 640 3281 Alcibiades
663 3218 912 3285 dolebat,
932 3237 1051 3281 non
1081 3237 1151 3275 ex
1180 3216 1359 3273 animi
1388 3214 1555 3269 malis
1578 3212 1843 3286 vitiisque
1866 3232 1999 3267 con-
