2235 3581
701 177 842 225 Lm.
873 175 964 236 V.‚
998 175 1155 224 CAP.
1189 173 1480 223 v1.-v111.
1844 180 1938 224 155

250 281 402 338 Nam
434 287 492 338 et
521 279 594 336 de
622 278 868 336 honesto
903 283 961 334 et
994 276 1068 336 de
1101 295 1330 332 summo
1362 274 1513 332 bono
1543 275 1847 351 separatim
1877 277 1939 332 li-

247 361 338 418 bri
369 367 521 432 sunt,
546 366 605 416 et
634 379 766 416 cum
797 378 866 415 ex
895 377 964 415 eo
994 355 1273 415 efficiatur
1294 355 1431 413 satis
1450 375 1722 432 magnam
1750 356 1807 412 in
1835 356 1939 412 vir-

250 449 378 498 tute
413 440 486 498 ad
520 433 686 498 beat-e
714 438 1023 496 vivendum
1065 457 1186 494 esse
1219 437 1355 508 vim,
1388 436 1569 493 nihilo
1602 436 1794 492 minus
1826 436 1938 493 hoc

249 528 432 599 agunt
463 519 788 597 separatim.
874 518 1136 594 Propriis
1165 517 1315 574 enim
1354 522 1412 574 et
1441 517 1558 573 suis
1586 517 1939 593 argumentis

249 610 308 660 et
343 599 842 660 admonitionibus
883 597 1183 656 tractanda
1216 616 1473 675 quaeque
1514 608 1603 654 res
1646 604 1747 667 est,
1778 604 1940 653 tanta

249 682 602 760 praesertim.
678 680 832 738 Cave
874 679 1030 738 enim
1071 686 1243 755 putes
1282 678 1455 734 ullam
1502 697 1535 734 a
1571 677 1941 754 philosophia

249 782 452 820 vocem
481 762 747 818 emissam
777 759 1070 818 clariorem
1103 758 1354 815 ullumve
1389 778 1509 814 esse
1538 757 1938 834 philosophiae

249 843 598 919 promissum
638 841 868 898 uberius
910 847 1009 896 aut
1051 840 1251 897 maine.
1339 838 1487 894 Nam
1532 839 1671 915 quid
1712 837 1940 914 profite-

249 923 381 979 tur?
423 922 476 980 O
505 923 565 978 di
595 921 767 978 boni!
811 921 1195 998 perfecturam
1228 939 1287 976 se
1318 919 1417 996 qui
1445 918 1668 996 legibus
1702 918 1819 974 suis
1846 938 1940 995 pa-

251 1003 457 1058 ruisset
488 1011 553 1059 ut
583 1010 730 1058 osset
765 1008 966 1058 contra
997 1001 1291 1057 fortunam
1329 1019 1555 1076 semper
1581 1006 1849 1070 armatuS,
1874 1006 1940 1056 ut

250 1084 450 1140 omnia
477 1081 762 1158 praesidia
782 1081 1017 1138 haberet
1046 1081 1106 1136 in
1136 1099 1195 1136 se
1224 1079 1369 1136 bene
1390 1079 1669 1156 beateque
1692 1079 1937 1150 vivendi,

251 1170 317 1221 ut
341 1171 489 1221 esset
511 1181 736 1238 semper
758 1162 1005 1238 denique
1030 1160 1245 1218 beatuS.
1320 1165 1413 1216 20.
1447 1159 1561 1217 Sed
1584 1160 1779 1217 videro
1800 1160 1941 1236 quid

251 1243 477 1302 efficiat.
542 1243 848 1319 Tantisper
882 1241 992 1298 hoc
1033 1241 1223 1317 ipsum
1259 1240 1457 1316 magni
1499 1240 1757 1310 aestim0,
1784 1241 1937 1316 quod

251 1325 570 1402 pollicetur.
658 1323 809 1379 Nam
853 1322 1074 1378 Xerxes
1108 1321 1341 1398 quidem
1386 1321 1630 1377 refertus
1672 1320 1941 1376 omnibus

245 1408 515 1486 praemiis
549 1408 829 1486 donisque
858 1408 1143 1478 fortunae,
1168 1427 1286 1464 non
1322 1407 1601 1484 equitatu,
1625 1426 1740 1464 non
1770 1409 1947 1484 pede-'

206 1510 210 1514 ’
247 1487 458 1546 sti-ibus
497 1489 696 1566 copiiS,
721 1507 839 1544 non
873 1488 1104 1545 navium
1142 1485 1533 1559 multitudine,
1560 1507 1674 1544 non
1709 1487 1938 1546 infinito

253 1568 509 1643 pondere
538 1568 660 1624 auri
691 1574 1011 1637 contentus,
1036 1567 1356 1642 praemium
1385 1567 1705 1643 proposuit,
1732 1567 1830 1643 qui
1859 1568 1941 1624 in-

255 1649 502 1704 venisset
532 1667 738 1705 novam
769 1647 1143 1724 voluptatem.
1202 1646 1329 1715 Qua
1362 1648 1488 1724 ipsa
1519 1666 1635 1704 non
1667 1647 1783 1704 fuit
1812 1667 1944 1705 con-

254 1736 483 1785 tentus:
529 1747 714 1805 neque
748 1728 900 1784 enim
939 1747 1211 1805 umquam
1248 1727 1420 1785 finem
1456 1728 1711 1785 inveniet
1741 1728 1937 1787 libido.

183 1828 188 1834 ·
255 1809 380 1865 Nos
410 1809 611 1867 vellem
647 1809 903 1886 praemio
939 1808 1140 1866 elicere
1174 1829 1489 1885 possemuS,
1516 1810 1615 1886 qui
1643 1810 1813 1867 nobis
1846 1811 1943 1867 ali-

257 1890 398 1966 quid
425 1890 726 1960 attulisset,
749 1908 864 1965 quo
895 1889 1004 1946 hoc
1032 1889 1254 1946 firmius
1282 1890 1655 1947 crederemus

336 1969 503 2027 VIII.
591 1976 685 2027 21.
722 1969 794 2026 A.
827 1968 1053 2028 Vellem
1083 1969 1147 2026 id
1169 1970 1419 2047 quidem,
1445 1970 1545 2028 sed
1574 1971 1757 2028 habeo
1786 1972 1941 2048 paul-

255 2050 375 2107 lum
419 2050 574 2127 quod
617 2051 918 2127 requiram.
1005 2050 1132 2126 Ego
1182 2052 1335 2107 enim
1390 2051 1683 2109 adsentior
1723 2072 1938 2124 eorum,

256 2150 400 2207 quae
444 2130 706 2207 posuisti,
751 2130 994 2187 alterum
1044 2131 1208 2187 alteri
1262 2150 1617 2208 consequens
1672 2152 1810 2204 esse,
1856 2140 1938 2203 ut,

255 2230 427 2287 quem
456 2210 530 2267 ad
557 2211 814 2281 modum,
841 2211 888 2267 si
920 2210 1077 2287 quod
1107 2210 1413 2268 honestum
1444 2213 1534 2282 sit,
1560 2212 1619 2269 id
1650 2212 1835 2269 solum
1867 2214 1941 2269 sit

253 2290 490 2362 bonum,
517 2298 786 2368 sequatur
812 2291 990 2348 vitam
1026 2290 1253 2348 beatam
1286 2292 1496 2349 virtute
1530 2292 1751 2362 confici,
1778 2294 1858 2349 sic
1893 2294 1940 2349 si

252 2372 374 2428 vita
405 2371 574 2429 beata
606 2372 665 2428 in
697 2371 908 2428 virtute
943 2372 1033 2442 sit,
1058 2371 1203 2428 nihil
1240 2391 1361 2435 esse
1396 2372 1506 2428 nisi
1536 2373 1807 2429 virtutem
1841 2373 1941 2430 bo-

253 2471 410 2509 num.
497 2452 613 2509 Sed
645 2451 863 2508 Brutus
895 2458 1030 2509 tuus
1064 2459 1295 2509 auctore
1324 2452 1523 2509 Aristo
1559 2459 1617 2509 et
1646 2452 1939 2511 Antiocho

253 2551 370 2588 non
402 2532 576 2589 sentit
603 2532 748 2588 hoc:
792 2538 961 2608 putat
996 2532 1169 2603 enim,
1196 2532 1370 2589 etiam
1406 2534 1455 2589 si
1489 2534 1564 2589 sit
1596 2532 1815 2590 bonum
1846 2534 1941 2591 ali-

254 2612 412 2689 quod
440 2620 665 2688 praeter
694 2612 981 2669 virtutem.

335 2692 412 2749 M.
451 2691 606 2759 Quid
648 2692 862 2769 igitur?
905 2699 1106 2750 contra
1147 2692 1471 2751 Brutumne
1514 2713 1606 2751 me
1650 2694 1937 2753 dicturum

251 2772 461 2848 putas?

333 2853 406 2908 A.
439 2852 528 2910 Tu
564 2871 714 2923 ver0,
753 2859 820 2909 ut
854 2852 1112 2911 videtur:
1174 2872 1307 2910 nam
1350 2853 1649 2931 praefinire
1692 2876 1808 2913 non
1853 2862 1941 2913 est

251 2950 464 2989 meum.

335 3018 427 3069 22.
476 3011 552 3069 M.
591 3012 748 3081 Quid
775 3013 981 3089 cuique
1016 3014 1198 3091 igitur
1229 3023 1673 3073 consentaneum
1712 3016 1802 3088 sit,
1827 3016 1939 3074 alio

252 3092 397 3149 locO.
485 3092 635 3150 Nam
659 3094 771 3150 ista
797 3094 943 3150 mihi
967 3101 1024 3150 et
1053 3114 1185 3151 cum
1206 3095 1501 3153 Antiocho
1532 3116 1699 3173 saepe
1729 3102 1787 3153 et
1809 3116 1938 3153 cum

253 3173 452 3231 Aristo
486 3192 688 3250 nuper,
713 3193 845 3230 cum
869 3174 1119 3232 Athenis
1151 3175 1463 3253 imperator
1496 3177 1651 3253 apud
1686 3196 1815 3233 eum
1848 3176 1941 3233 de-

251 3272 518 3322 versarer,
556 3254 836 3310 dissensio
878 3255 1006 3311 fuit..
1095 3254 1240 3311 Mihi
1284 3256 1438 3313 enim
1482 3276 1597 3312 non
1642 3256 1941 3313 videbatur
