2235 3581
671 178 809 230 LIB.
851 181 975 242 111„
1009 181 1166 230 CAP.
1203 181 1672 231 XXVIII.—XXX.
1918 186 2023 235 “10⁷

325 287 466 348 sisti
492 284 650 342 nullo
683 284 862 342 modo
893 303 1098 377 posse.
1143 285 1186 342 ii
1218 291 1413 342 tamen
1446 285 1705 342 fatentur
1736 281 2025 366 graviores

327 366 726 444 aegritudines
759 366 972 442 suscipi
1015 385 1189 442 quam
1232 372 1437 422 natura
1476 373 1662 442 cogat.
1740 366 1901 434 Quae
1938 374 2025 426 est

337 415 516 524 igitur
541 445 832 503 amentia?
865 454 930 502 ut
957 465 1064 502 nos
1093 465 1323 522 quoque
1353 445 1507 502 idem
1537 445 1610 502 ab
1642 445 1751 502 illis
1780 447 2025 529 requira'-

335 547 482 586 mus,
549 526 580 582 7
588 533 640 582 2
678 525 793 583 Sed
816 525 1006 603 plures
1039 536 1177 582 sunt
1196 543 1397 582 causae
1418 526 1769 601 suscipiendi
1791 521 2020 585 doloris

325 607 599 664 Primum
629 606 727 662 illa
755 607 952 683 opinio
975 606 1130 676 mali,
1153 625 1267 683 quo
1291 605 1415 662 viso
1444 612 1617 682 atque
1645 625 1915 697 persuaso
1938 627 2025 664 ae-

333 686 572 764 gritudo
588 687 936 763 >insequitur
976 685 1310 756 necessarie,
1342 685 1552 742 deinde
1587 687 1757 742 etiam
1796 695 2019 763 gratum

335 768 582 825 mortuis
609 786 670 824 se
698 767 902 841 facere,
923 766 972 823 si
993 766 1245 842 graviter
1267 784 1365 823 eos
1386 765 1637 842 lugeant,
1660 766 2020 825 arbitrantur.

336 847 594 905 Accedit?
621 847 954 924 superstitio
995 845 1292 904 muliebris
1334 845 1649 923 quaedam:
1694 847 2027 904 existimant

335 929 489 984 enim
524 928 617 985 dis
649 926 1073 990 immortalibus
1115 946 1175 983 se
1217 924 1446 983 facilius
1488 927 1625 982 satis
1666 927 1939 998 facturOS‚
1977 927 2025 984 si

333 1027 536 1065 eorum
567 997 740 1086 'plaga
771 1006 1018 1084 perculsi
1045 1006 1317 1064 adflictos
1358 1025 1418 1064 se
1453 1013 1511 1063 et
1545 1013 1755 1064 stratos
1787 1027 1909 1064 esse
1944 1009 2026 1064 fa-

330 1095 580 1146 teantur.
653 1087 770 1146 Sed
793 1086 931 1145 haec
959 1087 1126 1144 inter
1140 1106 1199 1144 se
1219 1101 1394 1164 quam
1424 1094 1747 1164 repugnent
1768 1087 2033 1180 plerique

335 1187 454 1225 non
478 1169 691 1226 vident.
757 1167 1020 1225 Laudant-
1040 1167 1195 1225 enim
1218 1187 1332 1238 eosi,
1355 1167 1454 1244 qui
1476 1187 1659 1246 aequo
1689 1169 1883 1226 animo
1907 1189 2027 1226 mo-

336 1249 588 1307 riantur:
625 1249 726 1326 qui
755 1249 986 1306 alterius
1008 1255 1257 1305 mortem
1275 1265 1459 1326 aequo
1488 1249 1681 1306 animo
1700 1249 1906 1320 ferant,
1928 1268 2026 1306 eos

336 1337 548 1408 putant
579 1329 1026 1407 vituperandos,-
1082 1327 1261 1397 Quasi
1294 1327 1418 1386 fieri
1449 1328 1567 1385 ullo
1612 1328 1787 1385 modo
1824 1330 2021 1406 possit,

335 1410 496 1488 quod
536 1411 596 1467 in
637 1410 918 1467 amatorio
961 1429 1224 1467 sermone
1265 1409 1383 1466 dici
1422 1409 1585 1479 solet,
1616 1415 1683 1465 ut
1722 1409 2022 1486 quisquam

335 1490 468 1568 plus
495 1491 738 1548 alterum
765 1491 972 1566 diligat
993 1493 1167 1567 qua‘m
1196 1494 1273 1546 Se.
1361 1489 1453 1546 73.
1491 1488 1852 1546 Praeclarum
1882 1488 2026 1546 illud
2070 1565 2073 1568 ἢ

333 1578 425 1629 est
453 1578 526 1642 et,
549 1572 596 1629 si
620 1573 1099 1648 quae-risfrcctnm
1126 1588 1354 1647 quoque
1376 1576 1435 1626 et
1456 1587 1671 1648 verum,
1692 1576 1759 1626 ut
1787 1588 1901 1640 eOS,
1924 1569 2025 1646 qui

336 1651 506 1708 nobis
538 1653 814 1709 carissimi
843 1671 964 1708 esse
999 1651 1263 1722 debeant,
1294 1667 1473 1727 aeque
1507 1669 1572 1706 ac
1606 1656 1834 1706 nosmet
1867 1649 2025 1727 ipsos

334 1750 632 1789 amemus:
667 1739 735 1790 ut
762 1751 896 1789 vero
925 1730 1215 1809 plussfieri
1247 1730 1406 1787 nullo
1440 1737 1611 1807 pacto
1640 1736 1847 1808 potest.
1934 1728 2024 1787 Ne

336 1813 658 1889 optandum
702 1813 1083 1890 quidem-est
1110 1813 1171 1868 in
1214 1812 1481 1882 amicitia,
1513 1820 1580 1869 ut
1616 1831 1710 1869 me
1754 1812 1849 1869 ille
1894 1810 2024 1888 plus

335 1912 512 1970 quam
541 1912 618 1964 se,
637 1912 748 1969 ego
771 1893 930 1949 illum
957 1892 1086 1969 plus
1108 1910 1280 1969 quam
1305 1910 1430 1949 me:
1474 1892 1830 1968 perturbatio
1853 1893 2020 1962 vitae,

335 1974 387 2029 si
416 1974 498 2031 ita
526 1974 619 2039 sit,
639 1982 810 2050 atque
841 1972 1161 2030 officiorum
1190 1973 1447 2029 omnium
1482 1979 1877 2049 consequatur.

420 2054 616 2111 XXX.
662 2053 779 2111 Sed
807 2054 879 2110 de
908 2052 1018 2110 hoc
1047 2053 1217 2110 alias:
1261 2072 1415 2109 nunc
1442 2052 1585 2109 illud
1615 2054 1752 2110 satis
1780 2060 1883 2125 est,
1905 2072 2021 2109 non

336 2135 649 2192 attribuere
693 2133 768 2190 ad
817 2134 1185 2190 amissionem
1230 2134 1544 2191 amicorum
1591 2133 1879 2191 miseriam
1926 2152 2024 2189 no-

336 2222 531 2285 stram,
553 2234 624 2271 ne
652 2213 782 2272 illos
809 2214 939 2290 plus
967 2232 1140 2291 quam
1175 2213 1285 2290 ipsi
1315 2213 1508 2283 velint,
1531 2213 1578 2269 si
1608 2214 1872 2284 sentiant-5
1893 2213 2023 2305 plus

335 2302 490 2353 certe
506 2314 680 2373 quam
703 2294 962 2351 nosmet
948 2313 1106 2371 ipsos
1123 2293 1479 2370 diligamus,
1512 2292 1660 2349 Nam
1682 2292 1839 2369 quod
1862 2294 2024 2350 aiunt

337 2375 642 2453 plerosque
675 2374 1164 2432 consolationibus
1197 2373 1339 2430 nihil
1374 2372 1548 2430 levari
1586 2372 2023 2451 adiunguntque

338 2456 772 2514 consolatores
756 2474 914 2532 ipsos
951 2453 1215 2512 confiteri
1256 2472 1317 2511 se
1350 2454 1604 2524 miserOS‚
1635 2473 1769 2510 cum
1810 2454 1884 2511 ad
1926 2474 2024 2511 eos

337 2536 621 2613 impetum
653 2554 819 2593 suum
849 2537 1085 2593 fortuna
1111 2535 1472 2605 converterit,
1478 2528 1803 2627 utrumque
1826 2535 2025 2591 dissol-

337 2617 506 2674 vitur.
593 2616 742 2674 Sunt
769 2616 924 2673 enim
955 2616 1064 2672 ista
1090 2634 1207 2671 non
1237 2622 1472 2671 naturae
1500 2614 1656 2685 vitia,
1677 2614 1778 2671 sed
1806 2614 2020 2691 culpae.

339 2696 660 2755 Stultitiam
715 2704 910 2754 autem
964 2714 1227 2753 accusare
1277 2695 1537 2771 quamvis
1590 2696 1822 2772 copiose
1871 2695 2019 2752 licet.

339 2776 492 2835 Nam
521 2783 581 2835 et
607 2776 708 2869 qui
741 2796 859 2833 non
893 2776 1201 2833 levantur
1186 2775 1311 2852 ipsi
1329 2769 1451 2852 [se]
1464 2775 1539 2832 ad
1566 2776 1853 2833 miseriam
1881 2776 2025 2832 invi-

337 2864 464 2915 tant
493 2864 553 2915 et
580 2858 680 2950 qui
709 2876 844 2913 suos
872 2876 1034 2913 casus
1062 2855 1228 2914 aliter
1253 2856 1449 2913 ferunt
1476 2863 1649 2933 atque
1670 2862 1737 2912 ut
1763 2862 2025 2913 auctores

338 2938 508 2996 aliis
493 2939 634 3030 ipsi·
634 2938 888 3009 fuerunt,
907 2956 1023 2993 non
1054 2943 1189 2993 sunt
1211 2936 1530 2992 vitiosiores
1558 2955 1731 3012 quam
1760 2936 1881 2992 fere
1909 2935 2025 3012 ple-

337 3019 518 3096 rique,
541 3018 640 3095 qui
656 3018 810 3075 avari
838 3036 1052 3088 avaros»,
1077 3016 1292 3093 gloriae
1320 3015 1561 3092 cupidos
1583 3015 1818 3091 gloriosi
1839 3034 2025 3105 repre-

337 3099 618 3156 hendunt.
696 3098 802 3155 Est
833 3098 988 3153 enim
1023 3096 1323 3174 proprium
1357 3096 1635 3153 stultitiae
1672 3093 1916 3151 aliorum
1945 3094 2024 3149 vi-

338 3180 424 3237 tia
449 3197 694 3248 cernere,
719 3177 975 3235 oblivisci
1000 3196 1249 3233 sumum.
1340 3175 1429 3232 74.
1468 3175 1582 3232 Sed
1610 3173 1879 3230 nimirum
1911 3172 2022 3229 hoc

339 3259 659 3317 maximum
689 3265 775 3315 est
805 3256 1277 3334 experimentum,
1299 3274 1457 3311 cum
1452 3259 1688 3311 constet
1716 3252 2022 3327 aegritudi-
