2235 3581
598 473 677 533 M.
738 474 1094 535 TULLII
1151 477 1696 539 CICERONIS

304 619 1115 697 TUSCULANARUM
1171 622 1996 740 DISPUTATIQNUM

864 761 989 835 AD
1041 761 1435 839 BRUTUM

727 932 1016 992 LIBRI
1073 933 1570 1005 QUINQUE.

884 1189 1105 1239 LIBER
1141 1190 1415 1241 PRIMUS

594 1300 706 1359 DE
748 1299 1368 1360 CONTEMNENDA
1408 1301 1696 1362 MORTE.

815 1448 1471 1499 ARGUMENTUM.

368 1542 643 1604 Postquam
666 1540 739 1590 M.
756 1541 931 1590 Cicero
958 1556 1019 1589 eo
1045 1541 1189 1600 libro,
1215 1555 1365 1604 quem
1391 1541 1641 1604 inscripsit
1671 1541 1986 1602 HortensiuS‚

302 1608 367 1657 ad
395 1607 736 1672 philosophiae
764 1607 985 1655 studium
1022 1607 1154 1655 cives
1183 1621 1298 1655 suos
1328 1606 1617 1655 cohortatus
1645 1616 1752 1654 erat
1785 1617 1836 1655 et
1861 1608 1992 1670 quod

299 1672 680 1736 philosophandi
724 1687 880 1733 genus
921 1672 1014 1720 sibi
1060 1672 1284 1720 maxime
1325 1672 1546 1735 placeret
1589 1681 1825 1734 quattuor
1859 1676 1992 1722 Aca-

300 1739 506 1786 demicis
533 1738 671 1786 libris
690 1738 990 1798 ostenderat,
1012 1738 1167 1786 etiam
1191 1738 1573 1786 fundamentum
1598 1739 1749 1786 totius
1773 1739 1991 1802 philoso-

298 1805 447 1868 phiae
468 1805 688 1868 positum
711 1805 763 1852 in
790 1804 973 1852 finibus
1002 1805 1243 1853 bonorum
1269 1814 1320 1853 et
1342 1805 1588 1852 malorum
1613 1805 1831 1869 quinque
1853 1806 1990 1854 libris

298 1878 619 1935 exposuerat,
646 1870 858 1918 totidem
904 1871 1153 1919 subsecuti
1195 1870 1308 1918 libri
1341 1870 1736 1919 Tusculanarum
1771 1871 1992 1933 disputa-

298 1937 491 1984 tionum
517 1950 596 1983 res
624 1934 688 1982 ad
718 1935 861 1983 beate
889 1935 1154 1983 vivendum
1189 1936 1414 1983 maxime
1453 1936 1758 1985 necessarias
1785 1950 1991 1999 aperue-

296 2009 430 2049 runt.
504 2001 704 2049 Primus
727 2001 862 2049 enim
886 2010 961 2048 est
984 2000 1047 2049 de
1070 2002 1434 2049 contemnenda
1457 2014 1635 2061 morte,
1664 2002 1907 2049 secundus
1926 2002 1990 2050 de
2024 2005 2033 2013 '

298 2066 557 2115 tolerando
581 2066 766 2127 dolore,
796 2066 859 2113 de
882 2066 1195 2126 aegritudine
1217 2066 1449 2115 lenienda
1473 2067 1664 2127 tertius,
1693 2076 1901 2129 quartus
1925 2067 1989 2116 de

297 2132 499 2195 reliquis
540 2132 695 2179 animi
738 2132 1212 2194 perturbationibus,
1240 2132 1446 2194 quintus
1483 2146 1594 2180 cum
1642 2132 1805 2180 locum
1853 2148 1989 2179 com-

296 2198 473 2259 plexus
497 2204 587 2255 est,
617 2197 703 2259 qui
727 2204 887 2245 totam
911 2196 1274 2260 philosophiam
1301 2198 1524 2246 maxime
1551 2197 1799 2245 illustrat:
1840 2198 1988 2247 docet

296 2264 432 2311 enim
466 2263 531 2311 ad
566 2262 707 2310 beate
735 2262 1000 2311 vivendum
1035 2262 1273 2311 virtutem
1307 2277 1360 2311 se
1394 2264 1502 2325 ipsa
1535 2277 1643 2312 esse
1677 2271 1980 2313 contentam.

295 2328 673 2391 Disputationes
706 2336 875 2375 autem
904 2328 1220 2375 Tusculanae
1251 2336 1512 2390 propterea
1546 2328 1815 2389 inscriptae
1850 2338 1980 2387 sunt,

297 2393 429 2456 quod
454 2393 574 2441 facit
602 2407 655 2441 se
680 2408 795 2440 cum
821 2393 1218 2441 adolescentibus
1245 2393 1435 2456 aliquot
1462 2394 1513 2440 in
1539 2393 1657 2440 villa
1683 2408 1774 2441 sua
1797 2395 1987 2442 'l‘uscu-

294 2459 413 2507 lana
435 2459 498 2507 de
514 2458 616 2505 illis
639 2458 787 2507 rebus
814 2458 1160 2521 disputavisse,
1185 2474 1315 2521 quae
1341 2460 1393 2506 in
1422 2458 1500 2506 his
1525 2458 1663 2505 libris
1687 2467 1978 2520 tractantur,

294 2524 408 2573 vide
441 2523 617 2572 horum
654 2523 871 2586 ipsorum
906 2523 990 2572 lib.
1012 2524 1101 2584 V.,
1125 2539 1231 2586 cap.
1261 2527 1302 2583 l,
1328 2522 1356 2582 ξ
1383 2527 1442 2583 1;
1477 2522 1536 2571 de
1565 2522 1871 2572 divinatione
1895 2526 1978 2575 lib.

294 2589 391 2650 ΙΙ.,
420 2604 526 2651 cap.
553 2592 598 2649 1,
624 2587 652 2647 ᾖ
678 2592 738 2649 2;
772 2589 971 2653 defato
995 2604 1100 2651 cap.
1123 2590 1217 2645 ΙΙ.,
1244 2588 1272 2647 ξ
1299 2592 1358 2649 73
1391 2589 1462 2637 ad
1481 2588 1704 2637 Atticum
1727 2590 1809 2638 lib.
1836 2590 1978 2651 XV.-,

295 2669 372 2717 ep.
408 2656 455 2715 2,
486 2653 515 2711 ἓ
549 2655 609 2715 4;
657 2654 733 2702 lb.
768 2668 843 2716 ep.
880 2655 927 2715 4,
962 2652 990 2712 ξ
1026 2658 1072 2702 2.
1160 2655 1415 2703 Lactantii
1455 2654 1668 2703 institut.
1704 2654 1861 2704 divin.
1892 2656 1977 2705 lib.

293 2720 420 2779 111„
449 2734 555 2782 cap.
587 2720 669 2768 14.
739 2718 1000 2768 Inchoavit
1034 2720 1126 2767 hos
1159 2720 1309 2768 libros
1337 2735 1469 2768 anno
1500 2735 1546 2782 p.
1569 2736 1617 2768 u.
1644 2736 1687 2769 c.
1714 2723 1826 2781 709,
1851 2736 1984 2768 anno

293 2800 339 2834 a.
364 2785 483 2833 Chr.
512 2792 614 2833 nat.
646 2786 728 2846 45,
751 2785 961 2833 absolvit
988 2794 1105 2833 ante
1134 2795 1345 2834 mortem
1371 2785 1598 2834 Caesaris
1626 2800 1759 2833 anno
1787 2801 1834 2848 p.
1860 2802 1907 2834 u.
1932 2802 1974 2834 c.

295 2853 407 2910 710,
428 2865 559 2898 anno
588 2866 632 2900 a.
651 2850 770 2899 Chr.
792 2858 895 2899 nat.
921 2851 1001 2897 44.
1074 2853 1444 2911 Argumentum
1467 2859 1636 2899 autem
1663 2851 1809 2899 huius
1831 2852 1983 2915 primi

290 2915 404 2963 libri
426 2916 531 2964 fere
552 2916 647 2964 hoc
670 2925 771 2964 est:

286 2976 301 2989 ⁴
358 2982 621 3029 Praefatus
641 2981 705 3029 de
726 2981 955 3029 instituto
973 2981 1318 3046 philosophiae
1335 2981 1558 3031 Graecae
1581 2982 1777 3030 Latinis
1799 2981 1980 3030 litteris

291 3046 630 3106 illustrandae,
660 3056 731 3107 ut,
760 3046 815 3094 in
853 3062 953 3109 quo
996 3062 1093 3095 uno
1133 3062 1316 3107 genere
1355 3064 1386 3094 a
1421 3047 1626 3095 Graecis
1665 3047 1981 3096 vincerentur

290 3111 523 3170 Romani,
558 3112 608 3159 id
648 3110 713 3160 ad
756 3112 845 3159 hos
886 3128 1081 3177 quoque
1125 3113 1484 3173 transferretur,
1521 3126 1627 3175 cap.
1673 3115 1798 3170 1-4,
1838 3112 1979 3174 ponit

208 3211 219 3225 .
289 3177 363 3225 M.
394 3176 572 3226 Cicero
605 3178 673 3238 id,
704 3176 767 3227 de
794 3193 893 3241 quo
929 3187 1035 3227 tota
1068 3187 1144 3227 est
1178 3178 1325 3240 primi
1354 3178 1466 3225 libri
1494 3178 1792 3240 disputatio:
1835 3174 1980 3227 Sitne

290 3241 472 3292 ’nalum
490 3258 629 3305 mors,
651 3242 787 3306 quod
804 3244 1035 3307 deinceps
1053 3244 1273 3293 studiose
1290 3244 1484 3293 refellit.
1559 3244 1787 3292 Primum
1811 3252 1980 3293 osten—
