2235 3581
255 169 360 214 ·138
486 166 532 214 Τ
539 161 1076 214 USGULAN‘ARUM
1096 199 1102 206 .
1122 164 1337 214 DISPU
1341 164 1610 215 'rA'rION
1620 165 1725 215 UM

263 266 564 344 lud,·quod
593 265 888 343 perturbet
922 265 1198 337 animum,
1230 265 1332 323 sed
1364 265 1437 323 de
1471 266 1597 342 ipsa
1630 267 1706 324 sit
1732 274 1952 343 pertur-

262 348 496 405 batione
539 346 863 404 dicendum.
952 345 1156 423 Itaque
1188 346 1442 423 primum
1476 347 1537 402 in
1571 347 1698 423 ipsa
1729 348 1953 424 cupidi-

259 435 399 498 tate,
437 447 567 484 cum
610 428 671 483 id
719 427 906 484 solum
950 427 1157 502 agitur,
1194 433 1261 483 ut
1306 445 1375 483 ea
1413 425 1667 497 tollatur,
1702 447 1819 484 non
1864 432 1952 485 est

263 508 671 584 quaerendum,
703 507 918 564 bonum
949 506 1093 563 illud
1126 526 1305 564 necne
1338 507 1431 577 sit,
1456 507 1615 584 quod
1647 507 1948 564 libidinem

263 595 510 658 moveat,
542 588 643 644 sed
684 587 866 644 libido
908 588 1034 663 ipsa
1074 586 1333 644 tollenda
1370 593 1475 656 est,
1511 594 1594 658 ut,
1626 588 1759 657 sive,
1794 589 1953 664 quod

263 667 570 726 honestum
605 675 709 738 est,
739 667 804 724 id
837 668 913 724 sit
946 685 1235 724 summum
1272 665 1509 736 bonum,
1540 667 1657 724 sive
1685 667 1953 744 voluptas

264 749 382 806 sive
424 748 631 805 horum
668 755 974 824 utrumque
1017 747 1390 804 coniunctum
1426 747 1543 804 sive
1577 747 1688 803 tria
1720 747 1816 804 illa
1856 767 1953 823 ge·

264 847 402 885 nera
433 828 736 895 bonorum,
772 835 983 898 tamen,
1015 827 1189 884 etiam
1225 827 1272 883 si
1307 827 1537 884 virtutis
1572 826 1753 903 ipsius
1784 827 1953 884 vehe-

264 909 516 966 mentior
548 909 840 985 appetitus
881 908 973 978 sit,
1009 907 1208 964 eadem
1246 907 1321 963 sit
1360 907 1631 964 omnibus
1662 907 1735 964 ad
1770 907 1954 964 deter-

263 989 505 1045 rendum
541 988 866 1045 adhibenda
899 988 1098 1044 orati0.
1178 986 1457 1044 Continet
1488 993 1680 1044 autem
1716 1005 1950 1044 omnem

264 1068 620 1126 sedationem
647 1069 827 1125 animi
856 1067 1107 1125 humana
1134 1067 1195 1124 in
1230 1075 1544 1144 conspectu
1571 1067 1762 1144 posita
1789 1075 1954 1124 natu—

263 1168 342 1218 ra,
374 1167 519 1226 quae
555 1169 668 1225 quo
710 1147 936 1205 facilius
978 1167 1244 1224 expressa
1290 1155 1575 1218 cernatur,
1613 1147 1954 1224 explicanda

264 1235 362 1304 est,
394 1229 651 1286 oratione
694 1228 1017 1285 communis
1057 1227 1325 1284 condicio
1368 1227 1572 1303 lexque
1600 1228 1766 1285 vitae.
1854 1233 1949 1285 63.

265 1308 468 1386 Itaque
501 1329 616 1365 non
655 1309 776 1365 sinc
819 1327 1002 1377 causa,
1035 1327 1167 1364 cum
1197 1307 1461 1365 Orestem
1491 1307 1747 1363 fabulam
1782 1307 1953 1365 doce-

265 1397 352 1446 ret
373 1389 694 1466 EuripideS,
715 1388 934 1466 primos
961 1389 1066 1445 tris
1085 1406 1277 1444 versus
1298 1406 1590 1444 revocasse
1612 1387 1825 1445 dicitur
1850 1387 1956 1446 So·

264 1476 446 1527 crates
466 1488 479 1527 t

525 1557 701 1618 Neque
724 1563 827 1603 tam
850 1555 1082 1603 terribilis
1107 1553 1209 1602 ulla
1232 1554 1389 1602 fluido
1412 1555 1573 1603 oratio
1596 1563 1674 1602 est

527 1623 633 1669 Nec
657 1637 763 1668 sors
789 1635 879 1668 nec
903 1621 978 1668 ira
1001 1621 1234 1668 caelitum
1260 1621 1511 1673 invectum
1536 1620 1741 1680 malum,

528 1687 676 1746 Quod
699 1702 798 1734 non
823 1695 1001 1734 natura
1021 1686 1243 1752 bumana
1267 1686 1503 1748 patiendo
1526 1686 1726 1735 ecferat.

266 1787 372 1848 Est
403 1797 596 1847 autem
632 1788 790 1845 utilis
825 1788 898 1846 ad
930 1787 1393 1865 persuadendum
1437 1807 1519 1859 ea,
1552 1806 1696 1864 quae
1738 1787 1958 1846 accide-

266 1872 399 1941 rint,
418 1869 557 1926 ferri
587 1876 644 1926 et
666 1888 833 1946 posse
861 1876 921 1925 et-
949 1876 1215 1945 oportere
1238 1868 1593 1926 enumeratio
1614 1888 1830 1938 eorum,
1854 1870 1956 1945 qui

265 1950 539 2009 tulerunt.
623 1948 750 2005 Etsi
784 1948 1161 2025 aegritudinis
1196 1949 1417 2006 sedatio
1453 1956 1511 2005 et
1544 1948 1810 2006 hesterna
1843 1949 1957 2006 dis-

265 2031 568 2109 putatione
613 2028 897 2105 explicata
944 2036 1031 2086 est
1087 2037 1147 2085 et
1202 2029 1261 2085 in
1306 2028 1735 2086 Consolationis
1783 2028 1963 2100 libro,-

268 2131 438 2189 quem
469 2111 528 2167 in
561 2109 956 2167 medio—non
992 2109 1148 2165 enim
1183 2110 1467 2185 sapientes
1502 2128 1960 2167 eramus—mae-

268 2211 393 2249 rore
435 2197 494 2249 et
535 2190 734 2247 dolore
775 2189 1235 2265 conscripsinmS‚
1269 2189 1539 2266 quodque
1581 2196 1737 2245 vetat
1772 2189 1959 2265 Chry-

267 2273 468 2348 sippus
509 2271 583 2329 ad
623 2276 879 2328 recentes
915 2269 1074 2347 quasi
1116 2276 1373 2326 tumores
1414 2269 1592 2325 animi
1634 2269 1954 2326 remedium

266 2352 552 2422 adhibere,
584 2352 646 2408 id
679 2370 786 2407 nos
820 2350 1066 2407 fecimus
1099 2357 1449 2425 naturaeque
1481 2349 1601 2405 vim
1634 2349 1956 2419 attulimuS,

269 2440 334 2489 ut
361 2431 749 2508 magnitudini
783 2429 1102 2488 medicinae
1138 2429 1352 2487 doloris
1386 2429 1727 2505 magnitudo
1757 2448 1962 2487 concc-

269 2512 443 2569 deret.

349 2590 547 2648 XXX.
634 2595 726 2648 64.
773 2589 887 2647 Sed
921 2589 1286 2667 aegritudini,
1311 2589 1383 2646 de
1414 2608 1527 2665 qua
1558 2589 1697 2645 satis
1728 2595 1817 2646 est
1844 2588 1964 2645 dis-

269 2678 555 2748 putatum,
581 2669 861 2728 finitimus
889 2678 976 2728 est
1009 2678 1214 2741 metus»,
1246 2670 1318 2726 de
1348 2690 1463 2746 quo
1496 2688 1679 2745 pauca
1712 2669 1965 2727 dicenda

271 2758 420 2808 sunt.
507 2750 612 2807 Est
645 2751 795 2806 enim
832 2758 1036 2821 metu-²,
1067 2758 1135 2807 ut
1168 2750 1469 2824 aegritudo
1507 2750 1838 2826 praesentiS,
1877 2750 1962 2806 sic

273 2831 367 2888 ille
402 2831 583 2888 futuri
616 2830 768 2888 mali.
857 2830 1058 2908 Itaque
1090 2850 1207 2887 non
1245 2831 1388 2887 nulli
1422 2829 1801 2905 aegritudinis
1832 2848 1965 2906 par-

271 2918 389 2969 tem
423 2909 729 2988 quamdam
759 2918 978 2967 metum
1013 2930 1135 2967 csse
1169 2911 1452 2979 dicebant,
1486 2910 1581 2966 alii
1616 2917 1807 2967 autem
1838 2929 1964 2965 me-

274 2998 398 3048 tum
421 2990 881 3067 praemolestiam
904 2990 1285 3067 appellabant,
1304 2991 1459 3067 quod
1484 2997 1633 3048 esset
1656 2990 1815 3066 quasi
1838 2990 1962 3045 dux

274 3070 676 3148 consequentis
736 3069 1047 3127 molestiae.
1132 3070 1354 3138 Quibus
1407 3071 1586 3147 igitur
1638 3069 1965 3127 rationibus

275 3150 552 3208 instantia
583 3150 863 3219 feruntur,
896 3150 1109 3207 eisdem
1153 3159 1603 3208 contemnuntur
1642 3150 1961 3227 sequentia.

277 3229 427 3287 Nam
451 3230 760 3287 videndum
786 3236 872 3287 est
899 3230 958 3285 in
989 3230 1260 3305 utrisque,
1286 3250 1358 3288 ne
1382 3232 1522 3306 quid
1550 3230 1783 3301 humile,
1810 3244 1965 3287 sum—
