2235 3581
682 137 818 188 LIB.
853 138 944 198 V.,
977 137 1134 188 CAP.
1167 137 1391 200 XXXL,
1420 137 1651 188 XXXII.
1917 143 2011 190 179

323 233 462 298 satis
500 239 684 316 parati
718 239 1017 296 videntur?
1098 238 1243 308 Quis
1282 258 1401 296 non
1420 247 1833 317 paupertatem
1872 241 2011 298 exti-

320 321 562 378 mescit?
603 338 789 396 neque
817 325 1014 378 tamen
1042 320 1345 396 quisquam
1376 320 1870 397 philosophorum.

402 398 664 458 XXXII.
709 399 826 456 Hic
849 420 983 457 vero
1011 400 1135 476 ipsc
1160 419 1332 476 quam
1361 419 1538 477 parvo
1569 407 1655 458 est
1676 402 2009 459 contentus!

322 480 512 539 Nemo
547 482 619 539 de
651 479 814 537 tenui
841 481 998 537 victu
1031 479 1199 557 plura
1230 481 1393 537 dixit.
1478 481 1709 538 Etenim
1748 501 1891 558 quae
1923 501 2013 538 res

321 563 598 639 pecuniae
631 559 1010 636 cupiditatem
1044 560 1331 632 adferunt,
1364 567 1430 617 ut
1464 562 1662 632 amori,
1690 568 1753 618 ut
1786 561 2012 619 ambiti-

322 643 437 714 oni,
469 650 535 700 ut
568 641 874 700 cotidianis
915 639 1243 716 sumptibus
1285 641 1483 717 copiae
1522 649 1847 717 suppetant,
1880 662 2010 698 cum

322 724 520 800 procul
570 722 641 780 ab
691 721 763 778 iis
811 721 1082 778 omnibus
1136 720 1305 778 rebus
1350 720 1515 793 absit,
1561 740 1661 778 cur
1709 723 2009 798 pecuniam

321 823 534 880 magno
569 821 740 880 opere
769 801 1053 859 desideret
1080 801 1171 858 vel
1198 801 1395 878 potius
1422 821 1522 858 cur
1550 809 1709 858 curet
1738 802 2012 859 omnino?

323 889 416 941 90.
454 883 550 939 An
595 881 840 960 Scythes
873 881 1223 939 Anacuarsis
1260 881 1456 957 potuit
1488 901 1595 958 pro
1630 881 1811 939 nihilo
1845 901 2013 958 pecu-

319 963 479 1020 niam
513 964 736 1034 ducere,
760 970 1044 1019 nostrates
1071 961 1408 1038 philosophi
1440 962 1627 1019 facere
1662 981 1779 1018 non
1814 969 2013 1039 potue-

321 1044 492 1101 runt?
574 1043 736 1100 Illius
777 1042 1023 1119 epistola
1053 1043 1240 1099 fertur
1276 1042 1368 1099 his
1403 1041 1622 1099 verbis:
1670 1042 2012 1099 “Anachar-

321 1125 398 1180 sis
432 1123 713 1180 Hannoni
745 1122 1003 1180 salutem.
1089 1121 1238 1178 Mihi
1271 1123 1513 1180 amictui
1555 1129 1642 1179 est
1675 1122 2010 1198 Scythicum

320 1203 592 1280 tegimen,
618 1203 1054 1261 calciamentum
1090 1203 1343 1259 solorum
1379 1203 1603 1272 callum,
1630 1201 1816 1260 cubile
1843 1217 2009 1274 terra,

320 1283 760 1361 pulpamentum
783 1284 983 1354 fameS,
1005 1283 1169 1353 lacte,
1196 1302 1375 1353 case0,
1398 1302 1565 1340 carne
1590 1301 1799 1340 vescor.
1886 1282 2013 1351 Qua

321 1384 381 1421 re
424 1372 490 1421 ut
523 1365 597 1421 ad
634 1365 894 1441 quietum
937 1383 1030 1420 me
1073 1362 1209 1420 licet
1241 1363 1450 1420 veniaS.
1537 1363 1778 1420 Munera
1818 1370 2011 1419 autem

320 1445 446 1515 ista,
473 1444 682 1522 quibus
715 1463 774 1501 es
803 1442 1133 1513 delectatUS,
1159 1443 1245 1500 vel
1277 1443 1497 1500 civibus
1529 1443 1646 1500 tuis
1673 1442 1761 1500 vel
1793 1442 1881 1498 dis
1910 1443 2012 1500 im-

319 1524 660 1582 mortalibus
695 1523 901 1581 dona.''
986 1523 1204 1581 Omnes
1233 1523 1353 1581 fere
1381 1523 1715 1600 philosophi
1749 1524 2009 1581 omnium

321 1605 770 1681 disciplinarum,
806 1603 919 1660 nisi
962 1622 1108 1680 quos
1150 1622 1183 1660 a
1225 1611 1379 1661 recta
1422 1605 1643 1660 ratione
1687 1611 1893 1660 natura
1933 1605 2012 1661 vi-

320 1685 470 1742 tiosa
507 1684 856 1754 detorsisset,
887 1684 1092 1741 eodem
1127 1683 1237 1740 hoc
1279 1683 1473 1741 animo
1517 1703 1637 1741 esse
1678 1691 2006 1761 potuerunt.

322 1770 416 1823 91.
461 1764 740 1836 SocrateS,
771 1765 831 1822 in
865 1783 1082 1842 pompa
1115 1783 1247 1823 cum
1282 1783 1491 1841 magna
1524 1765 1609 1822 vis
1650 1765 1775 1823 auri
1816 1783 2033 1842 algen--

319 1846 482 1922 tique
523 1846 802 1902 ferretur:
857 1846 1050 1917 Quam
1091 1846 1281 1901 multa
1316 1865 1430 1901 non
1463 1844 1758 1903 desidero!
1800 1846 2005 1938 inquit.

320 1926 694 1996 XenocrateS,
726 1945 857 1983 cum
892 1926 1068 2003 legati
1109 1926 1183 1983 ab
1216 1926 1547 1983 Alexandro
1592 1927 2010 2004 quinquaginta

321 2006 373 2063 ei
407 2006 625 2081 talenta
657 2006 999 2076 attulissent,
1033 2025 1179 2082 quae
1221 2013 1341 2063 erat
1376 2007 1619 2082 pecunia
1652 2006 2009 2084 temporibus

319 2085 450 2156 illis,
474 2086 724 2143 Athenis
752 2087 1104 2161 praesertim,
1128 2087 1395 2157 maxima,
1420 2086 1660 2144 abduxit
1688 2088 1907 2164 legatos
1934 2088 2010 2145 ad

319 2184 521 2223 cenam
569 2166 630 2220 in
672 2165 1082 2221 Academiam.
1135 2166 1206 2221 iis
1255 2167 1527 2242 apposuit
1570 2168 2009 2244 tantu1n‚quod

228 2264 235 2269 ·⁴
320 2245 469 2316 satis,
489 2250 653 2315 esset,
677 2243 836 2300 nullo
871 2251 1165 2320 apparatu
1251 2245 1399 2302 Cum
1430 2247 1709 2321 postridie
1743 2255 2010 2323 rogarent

319 2345 471 2397 cum,
495 2324 591 2381 cui
624 2324 910 2381 numerari
939 2323 1190 2381 iuberet:
1246 2324 1434 2396 Quid.
1428 2326 1451 2367 2
1493 2345 1589 2382 vos
1622 2327 1895 2397 hesterna,
1927 2328 2009 2384 in-

321 2406 464 2482 quit,
497 2406 698 2462 cenula
729 2424 844 2460 ‘non
877 2404 1236 2460 intellexistis
1270 2424 1357 2461 me
1378 2408 1627 2478 pecunia
1666 2426 1779 2463 non
1812 2426 1990 2479 eqere
1984 2408 2009 2451 2

321 2485 480 2554 Quos
522 2505 654 2543 cum
687 2484 968 2542 tristiores
1001 2484 1253 2556 vidisset,
1286 2504 1399 2541 xxx
1436 2485 1623 2543 minas
1665 2488 1899 2564 accepit,
1937 2507 2009 2545 nc

320 2566 608 2642 aspernari
638 2566 788 2642 regis
816 2564 1218 2622 liberalitatem
1249 2564 1551 2623 videretur.
1638 2572 1731 2625 92.
1769 2568 1852 2625 At
1874 2587 2007 2625 vero

320 2645 615 2722 Diogenes
649 2646 897 2716 liberiuS,
923 2652 988 2703 ut
1016 2644 1286 2722 CynicuS,
1310 2644 1640 2703 Alexandro
1674 2648 1917 2725 roganti,
1943 2654 2009 2704 ut

321 2726 553 2796 (liceret,
591 2726 638 2783 si
685 2726 826 2803 quid
867 2745 1014 2802 opus
1057 2733 1236 2783 esset:
1282 2725 1464 2781 Nunc
1506 2727 1735 2799 quidem
1767 2728 2009 2801 paullu-

323 2806 463 2875 lum,
500 2806 706 2883 inquit,
751 2826 788 2862 a
836 2808 964 2863 sole.
1049 2805 1340 2863 Offecerat
1389 2805 1655 2864 videlicet
1709 2808 2003 2883 apricanti.

321 2885 400 2942 Et
428 2850 520 2943 liic
557 2887 790 2978 quidem
825 2886 1116 2963 disputare
1152 2884 1374 2944 solebat
1402 2893 1617 2963 quanto
1650 2906 1846 2964 regem
1876 2888 2009 2945 Per-

322 2984 510 3022 sarum
546 2967 666 3023 vita
697 2967 1046 3043 fortunaque
1088 2973 1417 3043 superaret:
1464 2966 1574 3024 sibi
1614 2966 1759 3024 nihil
1794 2968 2003 3040 deesse,

321 3045 404 3101 illi
435 3045 578 3101 nihil
607 3046 746 3103 satis
779 3066 1050 3123 umquam
1083 3046 1243 3105 fore:
1290 3067 1349 3105 se
1383 3048 1505 3105 eius
1533 3047 1857 3125 voluptates
1888 3067 2007 3106 non

321 3124 658 3196 desiderare,
691 3125 898 3216 quibus
936 3145 1251 3204 numquam
1286 3128 1479 3187 satiari
1513 3128 1607 3186 ille
1640 3134 1853 3205 posset,
1877 3146 2009 3187 suas

320 3224 454 3263 eum
483 3205 758 3281 consequi
788 3205 944 3262 nullo
972 3206 1151 3264 modo
1182 3226 1363 3286 posse.
