2235 3581
225 183 318 232 162
449 181 1041 232 TUSCULANARUM
1079 181 1685 232 DISPUTATIONUM

221 283 422 342 beatus
449 301 570 340 esse
597 301 768 342 nemo
791 289 999 360 potest.
1079 281 1235 351 Quid
1263 300 1400 359 ergo
1429 282 1552 340 eius
1578 280 1743 340 modi
1770 280 1906 340 isto·

220 381 346 421 rum
390 365 513 422 est?
554 370 622 421 ut
661 363 806 420 mihi
840 363 1084 420 Laconis
1125 362 1269 420 illud
1308 363 1531 421 dictum
1575 363 1635 419 in
1670 363 1779 420 hos
1818 383 1907 420 ca-

220 443 353 502 dere
381 443 672 501 videatur:
709 443 809 520 qui
835 443 1108 522 glorianti
1137 442 1365 500 cuidam
1400 443 1721 513 mercatori,
1748 443 1906 520 quod

219 524 428 581 multas
455 541 628 580 naves
655 523 716 580 in
739 543 968 580 omnem
1001 541 1161 580 oram
1188 523 1537 580 maritimam
1561 523 1902 580 dimisisset:

219 603 361 660 Non
402 623 534 660 sane
574 604 844 677 optabilis
885 603 1114 676 quidem
1155 603 1285 678 ista,
1322 603 1531 680 inquit,
1568 603 1906 660 rudentibus

217 691 356 758 apta
368 685 637 758 fortuna.
722 683 820 740 An
849 683 1092 740 dubium
1127 689 1216 740 est
1244 682 1383 759 quin
1416 681 1561 739 nihil
1589 683 1669 740 ‚sit
1694 682 1907 740 haben-

218 764 358 821 dum
392 764 452 820 in
481 783 551 822 eo
584 783 808 840 genere,
834 783 948 840 quo
983 763 1104 820 vita
1143 763 1313 820 beata
1353 763 1727 840 compleatur,
1758 763 1809 819 si
1842 763 1905 819 id

217 844 403 921 possit
450 844 677 902 amitti?
759 842 921 900 Nihil
966 843 1124 900 enim
1167 843 1584 914 interarescere,
1621 842 1769 900 nihil
1814 861 1906 900 ex-

219 923 451 1000 stingui,
475 922 621 980 nihil
656 923 856 982 cadere
885 923 1058 981 debet
1091 942 1309 994 eorum,
1332 923 1395 980 in
1424 922 1637 1000 quibus
1662 923 1785 980 vita
1810 922 1904 980 be-

218 1010 312 1060 ata
343 1003 622 1061 consistit.
710 1003 862 1062 Nam
899 1003 998 1080 qui
1030 1003 1263 1060 timebit
1295 1022 1369 1061 ne
1406 1003 1550 1080 quid
1583 1023 1653 1060 ex
1684 1002 1777 1060 his
1810 1002 1905 1060 de-

217 1083 420 1160 perdat
447 1082 650 1141 beatus
683 1102 805 1140 esse
833 1102 948 1140 non
979 1083 1211 1160 poterit.
1298 1088 1393 1142 41.
1430 1082 1719 1141 Volumus
1748 1083 1904 1140 enim

218 1181 369 1234 eum,
413 1162 513 1240 qui
560 1163 764 1221 beatus
813 1163 904 1234 sit,
948 1170 1144 1220 tutum
1193 1182 1331 1234 esse,
1376 1162 1902 1240 inexpugnabilem,

218 1250 482 1320 saeptum
511 1250 684 1320 atque
713 1243 1022 1313 munitum,
1047 1262 1166 1300 non
1195 1249 1263 1301 ut
1288 1262 1465 1320 parvo
1492 1250 1655 1300 metu
1684 1242 1907 1319 praedi-

217 1330 312 1380 tus
345 1324 436 1394 sit,
467 1323 570 1380 sed
602 1330 669 1382 ut
703 1323 876 1381 nu110.
962 1287 1051 1382 U't
1083 1323 1241 1380 enim
1274 1324 1551 1380 innocens
1588 1323 1638 1379 is
1670 1323 1901 1414 dicitur,

216 1423 334 1462 non
377 1403 476 1481 qui
509 1403 711 1462 leviter
751 1409 938 1474 nocet,
971 1403 1073 1460 sed
1107 1403 1208 1480 qui
1249 1403 1395 1460 nihil
1430 1409 1618 1472 nocet,
1655 1403 1737 1460 sic
1780 1403 1905 1460 sine

216 1490 375 1542 metu
406 1484 456 1542 is
482 1482 782 1542 habendus
815 1490 919 1554 est,
943 1502 1063 1540 non
1093 1483 1196 1560 qui
1216 1502 1391 1560 parva
1420 1482 1647 1552 metuit,
1672 1482 1777 1540 sed
1804 1483 1906 1559 qui

217 1564 457 1624 omnino
494 1571 656 1623 metu
689 1572 867 1622 vacat.
954 1562 1114 1632 Quae
1156 1571 1243 1621 est
1276 1564 1430 1620 enim
1473 1563 1585 1619 alia
1615 1562 1905 1620 fortitudo

218 1644 329 1700 nisi
362 1644 541 1704 animi
575 1644 830 1702 adfectio
865 1663 997 1702 cum
1039 1644 1100 1700 in
1144 1643 1411 1701 adeundo'
1444 1642 1699 1719 periculo
1742 1648 1802 1701 et
1841 1643 1905 1699 in

216 1724 410 1783 labore
442 1744 507 1782 ac
543 1723 741 1782 dolore
768 1724 994 1802 patiens
1019 1730 1148 1781 tum
1176 1721 1375 1801 procul
1405 1721 1478 1780 ab
1513 1723 1673 1779 omni
1704 1724 1906 1780 metu?

218 1810 312 1863 42.
350 1805 546 1881 Atque
577 1804 720 1863 haec
747 1812 900 1863 certe
927 1824 1045 1861 non
1073 1804 1157 1863 ita
1182 1824 1243 1861 se
1272 1802 1565 1875 haberent,
1589 1803 1702 1861 nisi
1731 1822 1906 1861 omne

216 1885 436 1942 bonum
465 1885 525 1941 in
555 1904 672 1942 una
698 1885 1000 1943 honestate
1027 1884 1382 1943 consisteret.
1468 1882 1582 1952 Qui
1616 1890 1811 1941 autem
1840 1883 1905 1941 il·

218 1965 331 2022 lam
361 1965 611 2023 maxime
646 1971 902 2042 optatam
940 1971 999 2021 et
1025 1964 1343 2041 expetitam
1378 1964 1905 2022 securitatem—se-

217 2046 520 2103 curitatem
549 2052 745 2103 autem
773 2063 926 2101 nunc
961 2044 1189 2121 appello
1217 2044 1563 2103 vacuitatem
1596 2043 1905 2121 aegritudi-

218 2125 324 2195 nis.‚
356 2125 415 2181 in
451 2144 564 2202 qua
595 2125 714 2183 vita
746 2123 914 2181 beata
946 2125 1137 2201 posita
1177 2123 1557 2183 est—habere
1598 2126 1905 2201 quisquam

217 2212 428 2283 potest,
473 2205 568 2263 cui
617 2213 716 2263 aut
765 2204 915 2261 adsit
960 2211 1063 2261 aut
1109 2203 1307 2261 adesse
1350 2200 1537 2281 possit
1586 2204 1903 2262 multitudo

218 2286 540 2345 malorum?
622 2284 736 2354 Qui
765 2293 958 2342 autem
987 2284 1205 2360 poterit
1232 2302 1353 2341 esse
1382 2283 1564 2341 celsus
1596 2290 1655 2341 et
1682 2292 1906 2342 erectus

217 2374 277 2423 et
320 2386 403 2438 ea,
441 2384 586 2444 quae
627 2365 854 2423 homini
899 2364 1156 2422 accidere
1196 2370 1458 2441 possunt,
1495 2364 1692 2420 omnia
1730 2382 1907 2440 parva

219 2446 449 2517 ducenS,
475 2446 701 2539 qualem
737 2445 1056 2522 sapientem
1097 2464 1221 2502 esse
1254 2443 1536 2513 volumuS,
1564 2442 1678 2499 nisi
1708 2444 1907 2500 omnia

219 2526 378 2583 sibi
364 2546 424 2583 1n
457 2544 518 2583 se
551 2526 744 2602 posita
783 2525 1074 2585 censebit?
1155 2524 1253 2581 An
1288 2523 1742 2592 Lacedaemonii,
1768 2522 1907 2579 Phi-

219 2605 379 2682 lippo
413 2606 720 2663 minitante
753 2624 856 2682 per
882 2605 1101 2663 litteras
1135 2624 1194 2661 se
1228 2603 1439 2675 omnia,
1465 2622 1609 2681 quae
1638 2622 1905 2661 conaren-

218 2692 328 2756 tur,
360 2685 805 2762 prohibiturum,
839 2685 1240 2761 quaesiverunt
1273 2702 1413 2740 num
1447 2702 1509 2741 se
1546 2690 1695 2740 esset
1726 2682 1904 2739 etiam

221 2766 367 2821 mori
415 2766 844 2841 prohibiturus:
902 2764 990 2821 vir
1044 2764 1108 2835 is,
1162 2783 1334 2841 quem
1392 2763 1735 2839 quaerimuS,
1784 2781 1904 2819 non

220 2845 404 2901 multo
448 2845 675 2903 facilius
722 2845 824 2901 tali
873 2844 1068 2901 animo
1115 2843 1433 2919 reperiet-ur
1482 2860 1655 2917 quam
1703 2841 1906 2899 civitas

219 2925 519 2981 universa?
601 2924 792 2993 Quid?
831 2924 908 2980 ad
934 2922 1082 2979 hanc
1115 2921 1541 2992 fortitudinem,
1572 2922 1645 2978 de
1680 2940 1794 2997 qua
1825 2920 1906 2977 lo·

222 3004 468 3079 quimur,
502 3003 880 3079 temperantia
921 3002 1209 3073 adiuncta,
1248 3019 1393 3077 quae
1435 3001 1511 3058 sit
1552 3000 1905 3059 moderatrix

222 3083 481 3139 omnium
515 3082 990 3152 commotionum,
1023 3081 1162 3157 quid
1192 3088 1386 3157 potest
1419 3080 1495 3137 ad
1521 3080 1691 3139 beate
1715 3080 1905 3139 viven-

193 3159 360 3227 ¹dum
395 3160 589 3217 deesse
623 3162 693 3229 ei,
724 3179 894 3237 quem
929 3160 1218 3217 fortitudo
1260 3160 1334 3217 ab
1375 3160 1735 3236 aegritudine
1776 3166 1839 3217 et
1870 3179 1937 3217 a·

223 3246 380 3295 metu
423 3238 690 3309 vindicet,
736 3239 1114 3315 temperantia
1162 3258 1296 3299 cum
1345 3260 1379 3297 a
1418 3238 1661 3298 libidine
1702 3247 1903 3299 avocet
