2235 3581
211 137 274 183 52
432 133 1022 184 TUSCULANARUM
1073 132 1671 182 DISPUTATIONUM

210 232 420 295 turpiter
441 240 584 294 gerat
607 242 658 281 et
683 232 947 292 gemitibus
975 245 1034 279 ac
1061 230 1258 288 fletibus
1281 231 1449 292 dedat,
1476 232 1751 281 amicorum
1782 248 1905 296 pro-

209 298 608 375 pinquorumque
625 297 864 345 custodiis
883 296 1319 353 constringendam
1342 311 1479 345 esse:
1520 298 1593 345 sin
1619 305 1788 346 autem
1814 299 1904 348 fir—

210 364 339 411 mior
375 364 457 422 sit,
487 372 746 424 tamquam
789 363 972 410 bonum
1011 362 1224 410 militem
1266 362 1526 410 admonitu
1560 365 1901 413 revocandum

209 443 319 477 esse
356 428 420 475 ad
457 427 770 488 dignitatem,
799 443 905 490 cap.
938 430 1018 487 20,
1049 432 1128 476 21.
1202 428 1540 475 Intentionem
1570 429 1725 478 etiam
1754 430 1903 478 adhi-

210 489 427 542 bendum
445 507 567 554 esse,
589 493 743 552 cuiuS‚
770 503 823 540 nt
847 494 896 540 in
918 509 1092 570 corpoi
1096 509 1139 553 e,
1164 494 1235 541 sic
1257 493 1307 540 in
1332 493 1501 541 animo
1520 509 1705 554 magna
1720 496 1795 543 vis
1814 497 1901 552 sit,

210 574 318 621 cap.
345 562 424 619 22,
450 561 528 607 23.
597 559 956 608 Contendendo
981 558 1133 608 etiam
1166 559 1316 606 levari
1340 573 1538 607 omnem
1562 559 1781 608 laborem
1808 561 1898 609 do-

210 625 481 687 Iouemque,
503 640 611 700 cap:
634 627 714 673 24.
789 624 922 672 Illud
946 625 1162 687 denique
1179 625 1554 686 proponendum
1580 625 1765 688 animo,
1788 643 1900 674 atn-

209 690 508 752 plitudinem
531 690 700 751 animi,
721 705 851 752 quae
873 691 1094 738 maxime
1117 690 1335 737 emineat
1357 691 1735 739 contemnendis
1758 692 1899 740 dolo-

212 757 359 815 nibus,
384 771 535 804 unam
559 771 666 804 esse
706 757 930 804 omnium
957 771 1121 804 lerum
1158 755 1553 831 pulcherrimam,
1579 771 1687 818 cap.
1710 759 1787 817 25,
1809 760 1889 806 26.

213 822 394 869 Nitend
404 837 488 869 um
509 837 625 869 vero
648 836 770 880 esse,
795 831 850 868 ut
872 821 1145 883 aequabilis
1172 821 1237 868 sit
1264 821 1316 868 in
1340 820 1477 868 omni
1500 821 1671 869 dolore
1693 822 1901 872 ferendo

209 886 465 948 patientia,
489 902 596 949 cap.
622 889 700 935 27.

289 1018 334 1076 Ι.
425 1025 474 1076 1.
521 1018 938 1094 Neoptolemus
967 1018 1202 1095 quidem
1230 1018 1387 1096 apud
1428 1017 1678 1075 Ennium
1724 1019 1899 1097 “phi-

147 1125 154 1134 ·
210 1099 499 1175 losophari
542 1098 698 1155 sibi’'
743 1097 1147 1164 aitf-‘necesse
1180 1117 1319 1170 esse,
1357 1099 1456 1156 sed
1490 1100 1717 1176 paucis:
1760 1119 1895 1156 nam

211 1179 450 1235 omnino
485 1178 640 1234 haud
673 1177 949 1255 placere.’'
1034 1178 1163 1255 Ego
1197 1186 1407 1249 autem,
1438 1179 1637 1250 Brute,
1668 1199 1896 1238 necesse

209 1258 356 1314 mihi
399 1259 632 1335 quidem
675 1278 795 1315 esse
837 1258 1084 1316 arbitror
1115 1257 1541 1337 philosophari:
1585 1279 1716 1316 nam
1756 1261 1896 1337 quid

208 1358 462 1416 possum,
499 1339 835 1416 praesertim
877 1338 1023 1394 nihil
1067 1358 1259 1416 agene,
1303 1359 1469 1416 agere
1510 1340 1753 1396 melius?
1795 1341 1895 1398 scd

209 1438 327 1476 non
349 1419 562 1496 pauciS,
587 1425 653 1476 ut
682 1418 790 1476 ille.
875 1418 1125 1476 Difficile
1150 1426 1236 1476 est
1258 1421 1411 1476 enim
1442 1420 1501 1476 in
1525 1419 1898 1497 philosophia

207 1519 392 1576 pauca
413 1519 533 1557 esse
556 1501 610 1556 ei
637 1507 794 1571 nota,
819 1499 911 1556 eui
940 1519 1059 1556 non
1089 1500 1207 1556 sint
1234 1506 1333 1556 aut
1361 1499 1629 1576 pleraque
1653 1507 1753 1557 aut
1777 1520 1897 1557 om-

207 1580 319 1639 nia.
405 1579 558 1637 Nam
585 1599 691 1637 nee
721 1599 905 1656 pauca
931 1580 1043 1636 nisi
1066 1599 1096 1636 e
1119 1579 1317 1636 multis
1346 1578 1481 1656 eligi
1501 1587 1746 1656 possunt
1768 1600 1890 1653 nec,

209 1660 307 1737 qui
379 1679 520 1718 auca
545 1661 879 1737 perceperit,
900 1679 1018 1716 non
1041 1660 1197 1716 idem
1225 1659 1444 1736 reliqua
1471 1659 1675 1718 eodem
1698 1661 1892 1718 studio

205 1757 369 1817 perse
429 1747 592 1797 ietur.
679 1746 732 1797 2.
779 1739 894 1797 Sed
921 1746 1117 1797 tamen
1151 1740 1213 1797 in
1241 1739 1362 1797 vita
1394 1747 1673 1818 occupata.
1700 1748 1889 1819 atque,

207 1827 272 1877 ut
301 1819 672 1897 Neoptolemi
699 1826 824 1877 tum
857 1826 991 1891 erat,
1016 1820 1253 1877 militari
1280 1839 1463 1897 pauca
1490 1821 1617 1898 ipsa
1642 1822 1887 1879 multum

205 1920 375 1977 saepe
397 1906 640 1977 prosunt
663 1906 720 1957 et
741 1900 937 1958 ferunt
964 1900 1207 1972 fructuS,
1232 1901 1279 1957 si
1308 1920 1425 1958 non
1453 1904 1891 1979 tant08„quanti

203 2001 272 2041 ex
303 1982 568 2039 universa
599 1980 970 2058 philosophia
1001 1981 1220 2059 percipi
1254 1988 1514 2057 possunt,
1544 1988 1739 2039 tamen
1770 2002 1887 2053 eOS‚

204 2062 412 2139 quibus
447 2061 639 2139 aliqua
672 2080 741 2119 ex
774 2068 936 2138 parte
978 2061 1271 2118 interdum
1304 2067 1407 2117 aut
1440 2062 1757 2155 cupiditate
1790 2070 1891 2120 aut

201 2142 560 2235 aegritudine
591 2149 690 2200 aut
717 2149 878 2200 metu
906 2142 1225 2199 liberemur.
1296 2140 1477 2199 Velut
1506 2161 1574 2199 ex
1604 2160 1670 2199 ea
1675 2142 1891 2221 'dispu—

201 2223 436 2294 tatione‚
471 2243 615 2301 quae
657 2222 832 2281 mihi
848 2242 1030 2301 nuper
1069 2220 1269 2279 habita
1312 2228 1399 2278 est
1439 2222 1500 2279 in
1542 2216 1885 2295 Tusculan0‚

201 2322 412 2381 magna
431 2304 734 2365 videbatur
754 2304 958 2361 mortis
980 2302 1185 2359 effecta
1207 2302 1581 2379 contemptiO,
1604 2322 1747 2380 quae
1768 2322 1886 2360 non

200 2384 506 2441 minimum
530 2384 679 2442 valet
707 2385 781 2441 ad
809 2384 1065 2441 animum
1098 2389 1257 2439 metu
1279 2382 1655 2440 liberandum.
1734 2382 1882 2441 Nam

203 2464 302 2540 qui
329 2464 406 2535 id,
441 2464 598 2541 quod
625 2465 791 2522 vitari
821 2483 938 2520 non
974 2465 1186 2541 potest,
1218 2463 1443 2535 metuit,
1475 2463 1524 2519 is
1552 2463 1741 2520 vivere
1769 2464 1887 2520 ani-

199 2562 298 2601 mo
335 2545 529 2620 quieto
565 2544 721 2601 nullo
765 2544 941 2601 modo
985 2551 1213 2621 potest:
1258 2542 1359 2601 sed
1394 2544 1509 2620 qui,
1545 2562 1663 2599 non
1706 2543 1885 2601 modo

136 2624 336 2700 ,squia
364 2643 590 2681 necesse
620 2630 706 2680 est
739 2624 902 2695 mori,
927 2644 1127 2681 verum
1164 2624 1337 2682 etiam
1369 2624 1503 2700 quia
1536 2622 1680 2681 nihil
1708 2622 1885 2681 habet

199 2722 355 2779 mors
385 2704 539 2780 quod
574 2704 648 2760 sit
680 2702 1046 2775 horrendum,
1077 2712 1325 2762 mortem
1360 2724 1479 2761 non
1513 2703 1697 2775 timet,
1729 2723 1887 2779 mag-

200 2800 341 2839 num
375 2784 424 2839 is
459 2783 569 2840 sibi
602 2784 951 2861 praesidium
986 2785 1060 2841 ad
1092 2784 1319 2841 beatam
1354 2784 1534 2841 vitam
1570 2792 1880 2861 comparat.

203 2868 254 2920 3.
293 2862 654 2941 Quamquam
709 2884 826 2922 non
882 2884 1079 2922 sumus
1128 2865 1314 2942 ignari
1360 2865 1577 2922 multos
1628 2864 1884 2921 studiose

201 2951 401 3001 contra
434 2963 554 3001 esse
589 2944 858 3015 dictnroe,
888 2946 1043 3022 quod
1079 2946 1257 3002 vitare
1290 2945 1449 3001 nullo
1484 2944 1661 3001 modo
1695 2944 1885 3021 potui—

199 3041 346 3095 muS,
370 3024 480 3081 nisi
510 3024 650 3081 nihil
685 3026 920 3084 omniuo
951 3025 1338 3081 scriberemus,
1424 3024 1657 3082 Etenim
1688 3025 1735 3081 si
1765 3044 1886 3081 ora-
1912 3088 1919 3096 ,

200 3103 405 3175 tiones,
439 3123 578 3180 quas
621 3122 730 3159 nos
769 3103 1161 3160 multitudinis
1207 3104 1421 3161 iudicio
1464 3104 1696 3181 probari
1734 3104 1886 3161 vole·

201 3180 777 3259 bamus—popularis
811 3188 898 3239 est
932 3183 1085 3241 enim
1127 3183 1225 3239 illa
1264 3182 1509 3242 facultas
1550 3192 1609 3241 et
1644 3184 1886 3243 effectus
