2235 3581
297 151 364 199 44
521 147 1114 199 TUSCULANARUM
1159 149 1323 200 DISP
1330 147 1763 199 UTATIONUM

302 258 392 309 tra
437 251 773 322 consumpsi.
870 247 1093 306 Ori-toni
1137 251 1286 307 enim
1331 257 1523 306 nostro
1564 269 1680 306 non
1718 250 1991 324 persuasi

299 349 386 388 me
413 331 544 387 hinc
566 330 934 386 avolaturum
956 349 1133 404 neque
1153 331 1262 386 mei
1284 330 1604 404 quidquam
1626 331 1985 398 relicturum.

303 410 512 468 Verum
551 419 750 480 tamen,
778 408 952 482 Crito,
977 411 1028 466 si
1065 429 1153 467 me
1189 411 1425 484 adsequi
1448 411 1709 484 potueris
1733 419 1853 466 aut
1885 413 1990 477 sic-

299 491 398 546 ubi
451 499 653 546 nactus
707 490 832 561 eris,
873 498 941 545 ut
999 490 1100 546 tibi
1156 491 1457 560 videbitur,
1502 491 1746 564 sepelitO.
1846 490 1985 563 Sed,

299 571 446 626 mihi
489 571 658 642 crede,
701 589 862 628 nemo
905 589 992 626 me
1036 579 1302 640 vestrum,
1348 589 1479 626 cum
1524 571 1655 627 hinc
1700 589 1985 643 exce-sacrm

297 659 676 725 consequetur.
762 650 1058 708 Praeclare
1078 650 1142 707 id
1164 650 1415 728 quidem,
1441 651 1539 727 qui
1569 657 1628 710 et
1656 651 1839 708 amico
1862 669 1989 728 per-

298 731 518 789 miserit
547 738 605 788 et
633 751 692 788 se
727 730 1043 788 ostenderit
1076 731 1149 788 de
1182 730 1293 788 hoc
1325 736 1453 790 toto
1486 750 1695 807 genere
1736 730 1880 787 nihil
1910 731 1989 787 la-

281 811 512 868 ·borare.
602 815 734 869 104.
779 810 996 868 Durior
1034 810 1330 888 Diogenes
1366 817 1426 868 et
1462 810 1513 868 is
1546 811 1783 888 quidem
1827 811 1987 868 idem

300 891 565 962 sentienS,
603 891 703 948 sed.
746 897 814 948 ut
851 889 1104 968 Cynicus
1154 891 1423 967 asperiuS,
1460 891 1666 967 proiici
1711 911 1771 948 se
1819 891 1989 948 iussit

299 971 680 1028 inhumatum.
753 970 904 1027 Tum
965 971 1169 1028 amici.
1244 970 1647 1027 Volucribusne
1694 979 1747 1028 et
1784 971 1970 1045 feris.
1963 970 1989 1013 2

297 1051 546 1106 Minime
587 1069 728 1121 vero,
766 1051 972 1127 inquit,
1009 1050 1105 1107 sed
1155 1051 1427 1107 bacillum
1467 1059 1703 1124 propter
1744 1070 1829 1107 me
1872 1070 1988 1124 quo

298 1131 528 1202 abiqam
546 1132 817 1204 ponitote.
901 1131 1020 1202 Qui
1042 1131 1106 1186 id
1126 1129 1385 1204 poteris?
1426 1131 1529 1201 illi,
1552 1150 1666 1187 non
1693 1131 1841 1187 enim
1870 1149 1990 1188 sen·

303 1211 416 1268 ties.
492 1211 654 1282 Quid
690 1210 876 1283 iyitur
915 1211 1061 1268 mihi
1085 1212 1360 1286 ferarum
1400 1211 1659 1268 laniatus
1696 1211 1870 1268 oberit
1901 1211 1990 1266 ni-

299 1290 388 1346 kil
415 1290 721 1348 sentienti?
794 1290 1090 1348 Praeclare
1111 1291 1503 1382 Anaxagoras,
1534 1291 1635 1367 qui
1662 1310 1793 1347 cum
1822 1289 1991 1348 Lam-

299 1370 456 1446 psaci
496 1377 828 1441 moreretur,
873 1370 1321 1452 quaerentibus
1330 1371 1530 1429 amicis
1575 1369 1818 1428 velletne
1862 1369 1990 1428 Cla-

300 1469 566 1508 zomenas
607 1451 670 1507 in
710 1451 974 1527 patriam,
1012 1451 1062 1509 si
1103 1450 1246 1528 quid
1286 1444 1341 1507 ei
1382 1450 1699 1521 accidisset,
1735 1449 1986 1508 auferri.

299 1529 482 1587 Nihil
528 1550 733 1588 necesse
780 1539 876 1601 est,
924 1530 1131 1608 inquit,
1168 1531 1423 1604 undique
1462 1532 1613 1588 enim
1657 1531 1737 1586 ad
1774 1531 1988 1604 inferos

303 1612 654 1668 tantumdem
677 1611 800 1667 viae
827 1618 922 1668 est.
1007 1610 1271 1688 Totaque
1292 1611 1365 1668 de
1387 1611 1610 1668 ratione
1632 1609 1988 1668 humationis

299 1708 480 1747 unum
513 1691 830 1748 tenendum
863 1697 966 1761 est,
999 1691 1076 1748 ad
1106 1709 1315 1768 corpus
1347 1690 1503 1748 illam
1540 1690 1843 1767 pertinere,
1868 1690 1988 1748 sive

301 1770 577 1829 occiderit
603 1771 830 1829 animus
859 1771 977 1829 sive
997 1770 1205 1849 vigeat.
1285 1769 1354 1828 In
1377 1789 1615 1848 corpore
1642 1777 1834 1829 autem
1864 1789 1991 1849 per-

301 1851 563 1927 spicuum
609 1858 696 1910 est
728 1851 816 1909 vel
860 1852 1145 1909 exstincto
1186 1851 1381 1937 animo
1414 1851 1505 1909 vel
1538 1850 1732 1929 elapso
1764 1850 1990 1909 nullum

301 1931 548 1989 residere
577 1950 822 1989 sensum.

379 2010 596 2070 XLIV.
685 2017 816 2070 105.
877 2010 994 2069 Sed
1047 2011 1219 2088 plena
1272 2030 1529 2069 errorum
1585 2017 1721 2069 sunt
1775 2011 1986 2069 omnia.

301 2090 505 2149 Trahit
536 2090 851 2149 Hectorem
889 2092 964 2149 ad
991 2111 1221 2149 currum
1255 2091 1560 2168 religatum
1581 2091 1871 2149 Achilles:
1914 2090 1991 2149 la-

301 2172 478 2229 cerari
505 2190 640 2229 eum
683 2179 742 2229 et
783 2173 1010 2244 sentire,
1042 2170 1233 2243 cred0,
1270 2178 1453 2248 putat.
1540 2171 1697 2250 Ergo
1730 2172 1827 2229 hic
1854 2170 1988 2228 ulci-

302 2252 493 2323 scitur,
517 2260 585 2310 ut
614 2252 848 2330 quidem
877 2252 988 2310 sibi
1015 2252 1259 2309 videtur.
1336 2251 1423 2310 At
1449 2251 1547 2309 illa
1576 2253 1725 2310 sicut
1752 2250 1993 2309 acerbis-

301 2332 505 2389 simam
536 2351 658 2391 rem
685 2340 933 2390 maeret:

594 2427 721 2475 Vidi
741 2427 912 2475 videre
935 2424 1069 2488 quod
1091 2439 1175 2473 me
1198 2440 1344 2487 passa
1366 2426 1658 2488 aegerrime,

595 2492 869 2541 Hectorem
893 2506 1040 2540 curru
1065 2490 1363 2553 quadriiugo
1386 2493 1645 2555 raptarier.

303 2598 489 2667 Quem
511 2598 827 2657 Hectorem
851 2604 950 2655 aut
973 2617 1147 2674 quam
1168 2597 1271 2655 diu
1292 2597 1388 2655 ille
1410 2599 1518 2657 erit
1544 2596 1802 2657 Hector?
1875 2596 1992 2657 Me·

211 2710 214 2716 «
303 2680 412 2734 lius
435 2678 647 2736 Accius
676 2684 734 2736 et
761 2678 1070 2756 aliquando
1100 2678 1328 2755 sapiens
1349 2678 1637 2737 Achilles:

336 2789 501 2837 Immo
518 2788 770 2838 enimvero
793 2804 969 2853 corpus
993 2789 1201 2838 Priamo
1223 2788 1433 2850 reddidi,
1458 2790 1727 2839 Hectorem
1752 2788 1952 2838 abstuli.

303 2888 360 2945 N
364 2907 438 2945 on
468 2888 648 2965 igitur
673 2887 989 2947 Hectorem
1018 2889 1262 2960 traxisti,
1294 2890 1397 2947 sed
1429 2909 1653 2967 corpuS,
1686 2889 1843 2967 quod
1870 2889 1993 2947 fue-

301 2974 392 3025 rat
422 2967 712 3026 HectoriS.
801 2974 934 3027 106.
980 2970 1130 3027 Ecce
1163 2968 1309 3026 alius
1342 2970 1599 3027 exoritur
1631 2989 1662 3028 e
1690 2977 1857 3041 terra,
1892 2968 1993 3047 qui

302 3055 547 3105 matrem
575 3048 826 3106 dormire
854 3068 972 3106 non
1001 3049 1186 3107 sinat:

367 3152 552 3214 Mater,
574 3160 625 3201 te
647 3152 856 3216 appelle,
880 3168 1009 3216 quae
1031 3168 1207 3201 curam
1230 3144 1407 3201 somno
1431 3168 1720 3216 suspensam
1743 3154 1897 3214 levas,

367 3218 548 3284 Neque
569 3226 620 3268 te
645 3219 742 3267 mei
769 3218 985 3280 miseret,
1009 3233 1159 3280 surge
1180 3226 1231 3267 et
1254 3219 1407 3283 sepeli
1430 3228 1604 3269 natum
1641 3257 1652 3269 .
1678 3236 1707 3267 ·.
1752 3256 1763 3267 .
