2235 3581
203 136 295 182 148
421 134 1012 185 TUSCULANARUM
1061 134 1661 183 ])1·s·1’15'r.x'r1‹)NUM

280 236 324 294 I.
402 243 450 294 1.
489 235 740 305 Quintus
770 236 862 293 hic
891 236 1029 305 dies,
1055 235 1253 306 Brute,
1273 235 1445 292 finem
1475 235 1651 292 faciet
1672 235 1888 294 Tuscu-

200 316 458 374 lanarum
482 317 957 394 disputationum,
985 336 1099 393 quo
1124 316 1216 372 die
1246 322 1331 372 est
1360 335 1395 372 a
1422 315 1589 372 nobis
1619 335 1685 372 ea
1713 316 1783 373 de
1806 337 1885 388 re,

202 417 373 474 quam
415 404 481 454 tu
505 406 594 455 'ex
644 396 912 454 omnibus
953 396 1201 452 maxime
1250 395 1474 472 probaS,
1508 396 1883 472 disputatum.

200 477 433 534 Placere
476 478 627 534 enim
677 476 786 534 tibi
837 476 1152 533 admodum
1200 476 1348 532 sensi
1394 483 1451 534 et
1496 496 1563 532 ex
1608 496 1677 532 eo
1718 476 1884 548 libr0,

202 577 374 634 quem
419 557 493 614 ad
539 577 632 614 me
678 555 1096 614 accuratissime
1144 555 1440 632 scripsisti,
1470 563 1528 613 et
1574 575 1642 613 ex
1688 557 1889 614 multis

202 637 561 694 sermonibus
589 637 706 694 tuis
733 638 1004 694 virtutem
1035 635 1108 692 ad
1137 636 1303 692 beate
1332 636 1641 693 vivendum
1672 657 1731 694 se
1760 638 1886 714 ipsa

201 737 323 775 esse
346 725 692 775 contentam.
757 715 929 785 Quod
957 717 1065 775 etsi
1088 715 1322 773 difficile
1342 723 1427 774 est
1449 716 1693 793 probatu
1717 736 1887 795 prop-

201 805 290 854 ter
321 804 441 854 tam
473 798 626 855 varia
667 803 725 854 et
759 804 877 854 tam
913 796 1096 854 multa
1138 803 1423 854 tormenta
1456 797 1743 868 fortunae,
1770 797 1885 854 tale

201 885 395 934 tamen
426 884 529 949 est,
554 885 619 935 ut
647 877 1053 935 elaborandum
1091 877 1166 934 sit
1195 896 1311 952 quo
1339 876 1565 934 facilius
1592 877 1881 953 probetur.

204 957 365 1013 Nihil
395 964 483 1014 est
511 958 662 1014 enim
689 958 966 1027 omnium,
989 976 1132 1034 quae
1161 957 1221 1013 in
1245 955 1614 1033 philosophia
1640 963 1886 1015 tractan-

201 1045 311 1107 tur,
335 1037 491 1114 quod
513 1039 742 1114 gravius
759 1037 1332 1114 magnificentiusque
1351 1036 1587 1094 dicatur.
1646 1043 1699 1094 2.
1733 1037 1883 1095 Nam

201 1136 332 1173 cum
363 1137 431 1174 ca
458 1137 627 1175 causa
654 1118 947 1195 impulerit
975 1137 1089 1189 eos,
1115 1117 1214 1194 qui
1242 1117 1416 1194 primi
1445 1136 1504 1174 se
1533 1117 1607 1173 ad
1635 1117 1889 1194 philoso-

201 1197 374 1274 phiae
409 1198 664 1255 studium
701 1199 1081 1267 contulerunt,
1113 1205 1180 1254 nt
1222 1197 1489 1254 omnibns
1531 1196 1700 1254 rebus
1732 1205 1888 1274 post-

201 1276 416 1335 habitis
437 1285 594 1336 totos
621 1299 680 1335 se
711 1279 766 1335 in
792 1279 1016 1355 optimo
1038 1278 1188 1334 vitae
1218 1284 1371 1334 statu
1400 1277 1751 1354 exquirendo
1775 1278 1889 1334 col-

201 1356 470 1430 locarent,
507 1359 772 1436 profecto
817 1378 917 1435 spe
961 1358 1127 1415 beate
1171 1357 1402 1415 vivendi
1445 1363 1668 1415 tantam
1709 1358 1768 1415 in
1815 1377 1887 1415 eo

202 1439 394 1496 studio
425 1459 618 1499 curam
654 1457 1000 1516 operamque
1032 1443 1362 1515 posuerunt.
1434 1437 1604 1507 Quod
1634 1438 1680 1495 si
1709 1437 1781 1494 ab
1811 1439 1886 1495 iis

202 1519 432 1576 inventa
462 1526 519 1577 et
548 1519 804 1596 perfecta
832 1519 1010 1576 virtus
1039 1525 1125 1576 est
1154 1524 1213 1575 et
1242 1518 1288 1574 si
1317 1517 1588 1595 praesidii
1617 1517 1691 1574 ad
1718 1517 1887 1575 beate

201 1599 508 1656 vivendum
546 1601 606 1656 in
637 1599 846 1657 virtute
881 1599 1019 1657 satis
1052 1605 1154 1669 est,
1182 1599 1310 1674 quis
1344 1598 1552 1675 estqui
1581 1617 1695 1654 non
1727 1617 1887 1674 prae—

201 1678 346 1736 clare
376 1686 434 1737 et
461 1680 534 1737 ab
558 1680 668 1736 illis
689 1680 938 1757 positam
961 1685 1018 1736 et
1046 1699 1080 1736 a
1108 1678 1277 1735 nobis
1304 1684 1625 1755 susceptam
1650 1697 1883 1756 operam

199 1759 650 1837 philosophandi
673 1759 1014 1818 arbitretur?
1083 1757 1187 1817 Sin
1209 1763 1401 1816 autem
1425 1759 1605 1816 virtus
1628 1758 1887 1817 subiecta

200 1841 306 1898 sub
336 1842 522 1898 varios
550 1842 911 1918 incertosque
940 1859 1101 1898 casus
1129 1839 1348 1897 famula
1374 1839 1642 1896 fortunae
1672 1847 1756 1897 est
1779 1859 1885 1897 nec

198 1928 485 1979 tantarum
514 1922 716 1978 virium
743 1930 844 1992 est,
870 1928 935 1978 ut
959 1940 1016 1978 se
1038 1921 1165 1997 ipsa
1186 1927 1428 1991 tueatur,
1455 1938 1652 1977 vereor
1671 1939 1743 1977 ne
1765 1939 1883 1976 non

197 2009 317 2059 tam
352 2000 582 2059 virtutis
616 2002 828 2059 fiducia
867 2001 1170 2058 nitendum
1204 2001 1373 2057 nobis
1414 2000 1489 2057 ad
1522 2019 1683 2077 spem
1717 1999 1885 2057 beate

196 2082 428 2140 vivendi
457 2102 630 2159 quam
659 2088 796 2139 vota
822 2082 1086 2139 facienda
1106 2080 1423 2138 videantur.
1504 2086 1555 2137 3.
1594 2080 1881 2158 Equidem

197 2181 296 2219 eos
325 2182 502 2234 casm,
528 2164 587 2220 in
613 2162 820 2240 quibus
841 2182 936 2219 me
959 2163 1195 2218 fortuna
1216 2159 1583 2217 vehementer
1610 2160 1881 2231 exercuit,

195 2262 422 2299 mecum
452 2244 574 2320 ipse
603 2242 970 2300 considerans
997 2241 1132 2299 huic
1162 2241 1377 2317 incipio
1402 2241 1717 2299 sententiae
1739 2239 1885 2297 diffi-

196 2322 329 2380 dere
358 2324 648 2381 interdum
684 2330 742 2381 et
768 2322 1008 2380 humani
1036 2322 1262 2400 generis
1291 2320 1741 2378 imbecillitatem
1771 2320 1885 2377 fra-

194 2402 592 2480 gilitatemque
636 2404 1020 2461 extimescere.
1085 2402 1307 2461 Vereor
1347 2402 1501 2458 enim
1544 2420 1616 2458 ne
1659 2408 1877 2470 natura,

195 2501 327 2539 cum
357 2502 596 2559 corpora
623 2483 792 2540 nobis
822 2483 1048 2540 infirma
1069 2482 1328 2550 dedisset,
1349 2481 1533 2558 iisque
1563 2489 1621 2538 et
1649 2479 1883 2537 morbos

195 2561 537 2620 insanabiles
572 2569 630 2620 et
665 2563 890 2620 dolores
933 2562 1322 2621 intolerabiles
1364 2561 1733 2633 adiunxisset,
1764 2561 1883 2617 ani-

193 2661 320 2699 mos
356 2662 582 2719 quoque
617 2642 838 2700 dederit
873 2652 931 2700 et
973 2662 1277 2721 corporum
1314 2641 1609 2699 doloribus
1643 2660 1884 2717 congru-

137 2741 143 2747 ’
194 2729 354 2779 entes
383 2729 442 2780 et
470 2724 774 2799 separatim
811 2724 927 2780 suis
955 2723 1267 2799 angoribus
1301 2730 1359 2780 et
1387 2721 1667 2779 molestiis
1694 2720 1885 2797 impli-

194 2808 367 2859 catos,
433 2808 486 2859 4.
521 2802 634 2859 Sed
654 2804 713 2859 in
735 2802 845 2860 hoc
864 2823 956 2861 mc
975 2804 1098 2879 ipse
1117 2804 1353 2879 castigO,
1377 2802 1534 2880 quod
1552 2822 1619 2860 ex
1639 2802 1881 2859 aliorum

195 2888 253 2937 et
281 2901 350 2938 ex
378 2890 576 2939 nostra
603 2883 844 2939 fortasse
875 2884 1134 2953 mollitia,
1160 2902 1276 2940 non
1308 2903 1377 2940 ex
1406 2884 1533 2960 ipsa
1560 2883 1787 2953 virtute,
1809 2881 1883 2939 de

194 2960 424 3018 virtutis
452 2962 656 3019 robore
686 2963 968 3020 existimO.
1045 2962 1151 3019 Illa
1172 2964 1343 3034 enim,
1370 2964 1416 3020 si
1446 2964 1623 3020 modo
1653 2969 1739 3020 est
1766 2961 1885 3020 ulla

194 3040 628 3119 virtus—quam
674 3041 1095 3099 dubitationem
1138 3042 1451 3100 avunculus
1494 3052 1643 3115 tuuS,
1680 3042 1881 3113 Brut-e,

195 3121 720 3193 sustulit—omnia,
759 3141 904 3199 quae
942 3122 1142 3179 cadere
1185 3123 1243 3178 in
1287 3122 1581 3179 hominem
1618 3131 1882 3199 possunt,

195 3200 390 3260 subter
417 3222 478 3260 se
505 3202 680 3260 habet
703 3222 881 3281 eaque
904 3202 1225 3279 despiciens
1246 3221 1409 3260 casus
1438 3204 1757 3261 contemnit
1781 3202 1885 3259 hu-
