2235 3581
255 167 350 216 168
386 141 388 143 ’
482 163 1074 216 TUSCULANARUM
1121 163 1723 214 msru'rA'rmNUM

255 287 366 346 que
409 267 654 324 honesto
699 267 828 323 loco
849 299 854 304 ·
877 273 1062 336 natUS,
1099 265 1206 322 etsi
1252 264 1314 321 id
1357 265 1591 342 quidem
1641 265 1785 322 alius
1834 265 1951 322 alio

253 348 432 406 modo
473 347 730 416 tradidit,
761 345 1191 422 abundaretque
1234 345 1555 423 aequalium
1594 345 1949 404 familiarita-

254 428 410 485 tibus
453 435 511 484 et
545 426 958 504 consuetudine
992 426 1467 502 propinquorum,
1498 425 1735 483 haberet
1772 426 1948 483 etiam

253 527 414 565 more
436 507 709 564 Graeciae
732 506 1009 583 quosdam
1039 505 1431 562 adolescentes
1458 525 1651 564 amore
1681 506 1953 563 coniunc-

255 595 363 658 toS,
387 586 656 644 credebat
689 605 883 644 eorum
923 586 1156 655 nemini,
1182 585 1283 642 sed
1314 585 1405 657 iis,
1430 605 1576 662 quos
1608 605 1677 642 ex
1712 585 1953 643 familiis

255 664 630 744 locupletium
655 685 845 724 servos
867 666 1171 742 delegerat,
1195 664 1401 742 quibus
1424 684 1633 723 nomen
1659 666 1953 722 servitutis

256 748 378 824 ipse
414 747 754 818 detraxerat,
785 755 844 804 et
878 745 1221 822 quibusdam
1257 745 1529 802 convenis
1562 752 1621 802 et
1654 745 1793 802 feris
1828 744 1953 802 bar-

255 828 409 884 baris
436 827 694 903 corporis
727 825 1049 883 custodiam
1083 825 1501 884 committebat.
1587 824 1679 882 Ita
1710 833 1953 902 propter

256 908 536 964 iniustam.
553 907 884 964 dominatus
907 905 1286 982 cupiditatem
1307 905 1367 961 in
1391 924 1669 962 carcerem
1696 906 1948 982 quodam

255 987 433 1043 modo
480 987 603 1063 ipse
649 1006 708 1043 se
755 986 1077 1043 incluserat.
1164 985 1319 1054 Quin
1369 986 1561 1057 etiam,
1604 1005 1678 1043 ne
1725 986 1949 1043 tonsori

257 1067 470 1124 collum
503 1067 907 1136 committeret,
939 1066 1180 1123 tondere
1213 1064 1359 1122 filias
1378 1085 1523 1122 suas
1557 1065 1771 1123 docuit.
1858 1065 1954 1122 Ita

258 1147 492 1204 sordido
537 1154 710 1224 atque
759 1146 1013 1203 ancillari
1057 1145 1301 1203 artificio
1349 1146 1540 1222 regiae
1585 1146 1834 1222 virgines
1883 1153 1953 1203 ut

257 1227 627 1285 tonstriculae
673 1225 994 1284 tondebant
1039 1225 1275 1282 barbam
1326 1232 1384 1283 et
1432 1225 1703 1302 capillum
1748 1225 1949 1303 patris,

258 1307 335 1364 Et
368 1315 562 1364 tamen
605 1306 676 1365 ab
714 1307 786 1363 iis
828 1307 984 1383 ipsis,
1015 1325 1147 1363 cum
1184 1306 1299 1362 iam
1342 1313 1532 1362 essent
1564 1305 1808 1377 adultae,
1838 1306 1955 1362 fer-

258 1407 383 1444 rum
415 1388 660 1444 removit
686 1386 1054 1463 instituitque
1086 1394 1155 1443 ut
1182 1385 1561 1442 candentibus
1588 1385 1951 1462 iuglandium

257 1468 654 1544 putaminibus
673 1466 909 1524 barbam
939 1465 1049 1523 sibi
1077 1474 1136 1524 et
1158 1465 1425 1542 capillum
1450 1465 1768 1524 adurerent.
1854 1472 1949 1533 59.

259 1548 524 1626 Cumque
565 1548 708 1604 duas
749 1566 954 1604 uxores
985 1545 1240 1617 haberet,
1271 1529 1733 1618 Aristomachen,
1764 1546 1949 1603 civem

261 1647 439 1699 suam,
469 1628 749 1686 Doridem
785 1635 979 1684 autem
1013 1625 1373 1697 Locrensem,
1409 1626 1489 1682 sic
1530 1633 1709 1683 noctu
1750 1625 1823 1682 ad
1856 1646 1955 1683 eas

260 1708 594 1778 ventitabat,
631 1715 698 1765 ut
740 1707 936 1764 omnia
975 1707 1363 1784 specularetur
1402 1713 1461 1762 et
1502 1713 1957 1782 perscrutaretur

261 1796 410 1846 ante.
498 1787 576 1845 Et
603 1807 736 1845 cum
759 1787 974 1845 fossam
998 1787 1174 1845 latam
1204 1785 1515 1844 cubiculari
1537 1785 1685 1844 lecto
1714 1786 1957 1844 circum·

262 1869 514 1926 dedisset
555 1869 790 1945 eiusque
831 1868 1021 1925 fossae
1065 1868 1373 1925 transitum
1415 1867 1713 1943 ponticulo
1756 1867 1954 1943 ligneo

262 1949 672 2019 coniunxisset,
703 1968 832 2005 eum
876 1948 1086 2025 ipsum,
1117 1967 1250 2004 cum
1283 1948 1472 2005 forem
1515 1947 1762 2005 cubiculi
1804 1948 1957 2004 elau-

263 2035 427 2099 serat,
460 2028 854 2105 detorquebat.
940 2028 1219 2105 Idemque
1263 2047 1396 2084 cum
1440 2028 1501 2083 in
1548 2026 1955 2084 communibus

263 2109 547 2185 suggestis
579 2110 888 2166 consistere
921 2127 1038 2164 non
1073 2108 1325 2179 auderet,
1350 2107 1670 2164 contionari
1705 2127 1773 2165 ex
1808 2108 1955 2164 turri

263 2190 378 2247 alta
405 2188 639 2247 solebat.
727 2194 819 2246 60.
857 2187 1101 2270 Atque
1086 2207 1137 2244 1s
1170 2207 1301 2245 cum
1336 2187 1455 2263 pila
1480 2187 1675 2244 ludere
1702 2186 1955 2244 vellet—

265 2270 520 2327 studiose
561 2269 716 2327 enim
763 2268 826 2326 id
866 2264 1653 2344 factitabat—tunicamque
1691 2274 1952 2344 poneret,

264 2350 706 2419 adolescentuIO,
728 2367 898 2426 quem
928 2347 1179 2418 amabat,
1199 2347 1501 2405 tradidisse
1528 2347 1786 2423 gladium
1816 2347 1958 2404 dici-

265 2439 373 2487 tur.
459 2430 574 2487 Hic
624 2449 751 2485 cum
806 2428 1040 2505 quidam
1085 2427 1388 2484 familiaris
1435 2428 1630 2483 iocans
1680 2427 1953 2485 dixisset:

265 2510 428 2565 Huic
457 2510 684 2582 quidem
718 2516 859 2565 certe
886 2508 1065 2563 vitam
1098 2516 1259 2563 tuam
1292 2509 1615 2577 committis,
1640 2507 1958 2565 adrisisset-

267 2608 378 2666 que
425 2589 770 2658 adolescenS,
816 2594 1124 2664 utrumque
1178 2588 1346 2644 iussit
1392 2586 1655 2663 interfici,
1690 2586 1953 2657 alterum,

267 2669 402 2745 quia
434 2669 585 2724 viam
620 2668 1126 2725 demonstravisset
1160 2667 1529 2725 interimendi
1562 2666 1666 2738 sui,
1692 2667 1954 2737 alterum,

268 2749 402 2824 quia
429 2748 649 2805 dictum
682 2748 746 2805 id
779 2748 892 2804 risu
927 2746 1373 2823 approbavisset.
1458 2747 1655 2823 Atque
1694 2766 1762 2803 eo
1796 2747 1957 2803 facto

269 2830 348 2884 sic
377 2827 580 2898 doluit,
600 2826 746 2884 nihil
769 2834 834 2883 ut
855 2826 1050 2883 tulerit
1071 2828 1300 2902 gravius
1328 2827 1388 2883 in
1411 2827 1560 2883 vita:
1600 2846 1768 2903 quem
1799 2827 1957 2883 enim

268 2907 633 2965 vehementer
674 2912 891 2963 amarat
933 2905 1234 2963 occiderat.
1320 2905 1415 2963 Sic
1457 2906 1854 2963 distrahuntur
1894 2906 1955 2962 in

269 2987 580 3043 contrarias
635 2992 825 3061 partes
878 2985 1289 3061 impotentium
1350 2986 1710 3061 cupiditates
1802 2985 1955 3042 Cum

269 3064 404 3122 huic
433 3064 738 3122 obsecutus
767 3064 859 3135 sis,
883 3064 968 3120 illi
995 3071 1082 3120 est
1109 3064 1565 3141 repugnandum.

353 3150 444 3201 61.
484 3143 842 3220 Quamquam
880 3142 973 3199 hic
1009 3143 1242 3219 quidem
1278 3150 1555 3219 tyrannus
1588 3144 1711 3221 ipse
1743 3144 1958 3202 iudica—

270 3222 354 3279 vit
383 3242 553 3299 quam
583 3230 731 3281 esset
758 3222 972 3278 beatus,
1060 3221 1226 3279 XXI.
1274 3223 1423 3279 Nam
1459 3242 1589 3279 cum
1622 3224 1956 3303 quidam'ex
1995 3276 2009 3291 ,
