2235 3581
261 176 354 222 136
479 169 1082 222 TUSCULANARUM.
1117 169 1719 220 DISPU'I'ATIONUM

255 275 390 332 dem
433 280 626 351 potest
667 291 789 330 esse
829 272 1102 342 naturale,
1138 271 1296 348 quod
1336 271 1491 328 idem
1534 272 1779 329 nimium
1822 291 1945 330 esse

255 355 477 432 possit?
559 353 708 410 Sunt
747 353 900 408 enim
937 352 1133 409 omnia
1165 353 1275 408 ista
1309 371 1379 408 ex
1412 371 1668 409 errorum
1702 359 1829 410 orta
1861 373 1947 410 ra-

255 435 497 504 dinibus,
530 453 674 511 quae
715 432 1010 490 evellenda
1050 440 1108 489 et
1150 431 1502 489 extrahenda
1542 433 1789 509 penituS,
1826 453 1945 490 non

256 514 718 572 circumcidenda
744 532 848 569 nee
877 513 1231 588 amputanda
1258 519 1408 569 sunt.

339 592 597 652 XXVII.
685 599 777 650 58.
825 592 940 650 Sed
974 593 1249 669 quoniam
1288 592 1547 668 suspicor
1578 598 1639 650 te
1671 611 1790 650 non
1822 599 1946 650 tam

257 676 331 733 de
366 675 622 751 sapiente
657 692 828 750 quam
873 673 946 729 de
978 679 1038 730 te
1069 673 1199 748 ipso
1235 671 1747 749 quaerere—illum
1790 674 1947 730 enim

258 763 428 832 putas
471 754 630 811 omni
673 753 1103 830 perturbatione
1146 772 1268 810 esse
1310 752 1571 823 liberum,
1602 761 1661 810 te
1700 754 1948 810 vis—-vi-

259 836 496 893 deamus
519 841 734 910 quanta
761 833 878 891 sint
900 852 1044 910 quae
1073 853 1108 890 a
1128 833 1497 911 philosophia
1524 833 1778 890 remedia
1797 853 1948 890 mor-

259 915 349 973 bis
377 915 700 972 animornm
729 913 1125 971 adhibeantur.
1212 913 1317 970 Est
1344 913 1497 969 enim
1523 913 1803 990 quaedam
1831 933 1948 970 me-

259 996 453 1052 dicina
494 1001 662 1065 certe,
693 1013 799 1051 nee
840 1000 959 1050 tam
995 993 1111 1051 fuit
1146 993 1449 1050 hominum
1490 993 1687 1070 generi
1721 993 1949 1050 infensa
2030 1015 2037 1020 ·

260 1083 434 1152 atque
461 1075 694 1132 inimica
721 1082 940 1144 natura,
966 1080 1030 1130 ut
1053 1073 1391 1150 corporibus
1418 1079 1511 1130 tot
1538 1093 1626 1130 res
1654 1073 1945 1144 salutareS,

260 1156 468 1213 animis
502 1155 720 1212 nullam
753 1153 1050 1211 invenerit.
1136 1153 1229 1210 De
1264 1153 1471 1230 quibus
1505 1153 1615 1210 hoe
1650 1154 1826 1210 etiam
1860 1161 1949 1211 est

261 1237 466 1294 merita
484 1235 706 1307 meliuS,
733 1234 891 1311 quod
912 1253 1219 1310 corporum
1242 1234 1575 1290 adiumenta
1602 1233 1949 1291 adhibentur

261 1317 626 1384 extrinsech
658 1315 982 1371 animorum
1025 1314 1179 1370 salus
1218 1314 1438 1372 inclusa
1470 1314 1529 1370 in
1562 1314 1635 1370 iis
1668 1314 1809 1391 ipsis
1842 1321 1945 1371 est.
1990 1356 1999 1361 -

251 1396 378 1454 'Sed
411 1415 526 1472 quo
561 1395 744 1452 maior
776 1400 862 1451 est
895 1395 954 1450 in
990 1394 1072 1451 eis
1104 1395 1455 1470 praestantia
1486 1401 1545 1450 et
1578 1393 1841 1464 divinior,
1878 1413 1948 1451 eo

261 1477 478 1534 maiore
503 1475 770 1551 indigent
792 1474 1108 1551 diligentia.
1194 1474 1398 1550 Itaque
1418 1473 1563 1531 bene
1586 1473 1847 1531 adhibita
1866 1493 1953 1531 ra-

262 1557 348 1614 tio
378 1557 561 1613 cernit
583 1555 724 1632 quid
752 1554 1040 1632 optimum
1069 1556 1162 1624 sit,
1182 1555 1445 1630 neglecta
1470 1553 1672 1610 multis
1695 1554 1951 1631 implica-

261 1644 358 1694 tur
379 1636 676 1694 erroribuS.
739 1641 830 1692 59.
864 1634 962 1692 Ad
981 1642 1040 1692 te
1063 1635 1242 1711 igitur
1262 1635 1404 1691 mihi
1428 1635 1542 1692 iam
1566 1635 1953 1692 convertenda

263 1717 453 1773 omnis
475 1716 658 1773 oratio
687 1722 790 1773 est.
859 1714 1107 1772 Simulas
1136 1715 1287 1772 enim
1320 1733 1586 1793 quaerere
1614 1721 1672 1772 te
1702 1714 1773 1772 de
1802 1716 1952 1793 sapi-

263 1805 414 1867 ente,
440 1797 662 1873 quaeris
689 1803 883 1853 autem
912 1797 1159 1853 fortasse
1188 1796 1259 1853 de
1286 1804 1361 1853 te.

343 1877 556 1934 Earum
579 1876 758 1952 igitur
785 1876 1300 1954 perturbationum,
1322 1895 1463 1953 quas
1484 1876 1741 1955 exposui,
1762 1877 1951 1934 variae

263 1964 399 2015 sunt
432 1958 770 2014 curationes
855 1956 1008 2013 Nam
1041 1975 1229 2033 neque
1270 1956 1459 2014 omnis
1499 1956 1800 2035 aegritudo
1834 1976 1953 2013 una

264 2038 486 2095 ratione
515 2038 777 2094 sedatur:
821 2036 932 2093 alia
957 2042 1045 2093 est
1071 2037 1229 2093 enim
1255 2036 1495 2113 lugenti,
1518 2037 1629 2094 alia
1655 2037 1951 2094 miseranti

264 2126 366 2175 aut
387 2117 670 2175 invidenti
691 2116 1018 2174 adhibenda
1037 2116 1339 2174 medicina.
1412 2117 1517 2174 Est
1545 2118 1719 2174 etiam
1748 2117 1807 2173 in
1832 2136 1954 2174 om-

267 2200 436 2256 nibus
459 2205 731 2275 quattuor
750 2196 1280 2273 perturbationibus
1302 2196 1400 2255 illa
1420 2196 1734 2268 distinctio,
1755 2205 1951 2279 utrum

265 2280 340 2337 ad
362 2280 681 2336 universam
707 2276 1217 2353 perturbationem,
1240 2296 1385 2354 quae
1414 2283 1501 2335 est
1523 2278 1846 2355 aspernatio
1868 2275 1954 2334 ra-

265 2359 443 2416 tionis
476 2366 576 2415 aut
607 2358 901 2433 appetitus
933 2356 1345 2429 vehementior,
1377 2376 1451 2415 an
1484 2358 1558 2415 ad
1592 2358 1859 2435 singulas,
1886 2364 1955 2415 ut

265 2440 342 2497 ad
361 2445 600 2509 metum,
620 2437 938 2508 libidinem,
960 2438 1221 2516 reliquaS‚
1246 2438 1453 2495 melius
1474 2437 1811 2495 adhibeatur
1833 2458 1955 2494 ora—

267 2520 369 2589 tio,
401 2526 460 2576 et
491 2526 684 2575 utrum
722 2517 939 2575 illudne
971 2537 1089 2575 non
1128 2518 1389 2576 videatur
1420 2538 1589 2595 aegre
1621 2518 1953 2589 ferundum,

265 2621 337 2658 ex
361 2619 477 2676 quo
505 2605 769 2675 suscepta
797 2598 872 2655 sit
899 2598 1219 2674 aegritudO,
1240 2619 1312 2655 an
1340 2599 1601 2656 omnium
1633 2617 1817 2655 rerum
1848 2598 1958 2655 tol-

267 2680 438 2737 lenda
479 2679 717 2736 omnino
760 2678 1078 2751 aegritudO,
1115 2686 1198 2749 ut,
1237 2679 1283 2734 si
1328 2680 1455 2755 quis
1496 2698 1663 2754 aegre
1704 2679 1853 2735 ferat
1894 2698 1957 2735 se

265 2778 578 2836 pauperem
623 2777 760 2828 esse,
797 2758 932 2814 idne
981 2758 1257 2834 disputeS,
1297 2765 1691 2835 paupertatem
1736 2758 1955 2815 malum

269 2859 388 2894 non
418 2858 538 2895 esse
567 2858 638 2894 an
662 2838 956 2894 hominem
980 2856 1149 2914 aegre
1176 2839 1326 2895 ferre
1346 2838 1491 2895 nihil
1514 2846 1795 2914 oportere.
1854 2838 1913 2895 N
1916 2839 1959 2895 i-

269 2920 482 2975 mirum
503 2917 613 2974 hoe
634 2917 855 2985 melius,
880 2935 968 2986 ne,
991 2918 1037 2974 si
1060 2918 1214 2975 forte
1242 2917 1314 2975 de
1336 2924 1671 2995 paupertate
1694 2938 1809 2975 non
1834 2938 1960 2995 per-

270 2997 526 3068 suaseris,
565 2997 642 3053 sit
682 2996 1028 3072 aegritudini
1071 2998 1536 3055 eoncedendum:
1594 2998 1958 3075 aegritudine

269 3084 460 3134 autem
487 3076 709 3134 sublata
737 3076 984 3151 propriis
1013 3076 1345 3147 rationibus,
1368 3078 1576 3154 quibus
1604 3078 1728 3135 heri
1756 3079 1845 3135 usi
1868 3098 1959 3135 su-

273 3176 415 3224 mne,
439 3156 688 3233 quodam
711 3154 888 3210 modo
911 3156 1084 3212 etiam
1102 3158 1459 3233 paupertatis
1479 3158 1692 3214 malum
1714 3157 1953 3217 tollitur.

272 3235 562 3294 XXVIII.
643 3240 734 3293 60.
779 3233 897 3293 Sed
925 3235 1112 3292 omnis
1142 3236 1263 3294 eius
1292 3237 1449 3293 modi
1473 3237 1845 3315 perturbatio
1860 3258 1959 3297 an-
