<?xml version="1.0" encoding="UTF-8"?>
<!DOCTYPE html PUBLIC "-//W3C//DTD XHTML 1.0 Transitional//EN"
    "http://www.w3.org/TR/xhtml1/DTD/xhtml1-transitional.dtd">
<html xmlns="http://www.w3.org/1999/xhtml" xml:lang="en" lang="en">
 <head>
  <title>
</title>
<meta http-equiv="Content-Type" content="text/html;charset=utf-8" />
  <meta name='ocr-system' content='tesseract 3.04.00' />
  <meta name='ocr-capabilities' content='ocr_page ocr_carea ocr_par ocr_line ocrx_word'/>
</head>
<body>
  <div class='ocr_page' id='page_1' title='image "./tusculanarumdis06cicegoog_0073.png"; bbox 0 0 2235 3581; ppageno 0'>
   <div class='ocr_carea' id='block_1_1' title="bbox 769 195 2011 257">
    <p class='ocr_par' dir='ltr' id='par_1_1' title="bbox 769 195 2011 257">
     <span class='ocr_line' id='line_1_1' title="bbox 769 195 2011 257; baseline 0.001 -13"><span class='ocrx_word' id='word_1_1' title='bbox 769 197 908 244; x_wconf 83' lang='lat' dir='ltr'><strong>LIB.</strong></span> <span class='ocrx_word' id='word_1_2' title='bbox 949 197 1044 257; x_wconf 85' lang='lat'>11.‚</span> <span class='ocrx_word' id='word_1_3' title='bbox 1078 195 1236 245; x_wconf 80' lang='lat' dir='ltr'>CAP.</span> <span class='ocrx_word' id='word_1_4' title='bbox 1271 195 1558 244; x_wconf 78' lang='lat' dir='ltr'>XL-xlv.</span> <span class='ocrx_word' id='word_1_5' title='bbox 1947 199 2011 245; x_wconf 88' lang='grc'>63</span> 
     </span>
    </p>
   </div>
   <div class='ocr_carea' id='block_1_2' title="bbox 275 291 2013 3337">
    <p class='ocr_par' dir='ltr' id='par_1_2' title="bbox 275 291 2013 3337">
     <span class='ocr_line' id='line_1_2' title="bbox 323 291 2013 367; baseline -0.001 -12"><span class='ocrx_word' id='word_1_6' title='bbox 323 317 464 356; x_wconf 87' lang='lat' dir='ltr'>cere.</span> <span class='ocrx_word' id='word_1_7' title='bbox 550 296 774 355; x_wconf 89' lang='lat' dir='ltr'>Definis</span> <span class='ocrx_word' id='word_1_8' title='bbox 802 303 868 354; x_wconf 86' lang='lat' dir='ltr'>tn</span> <span class='ocrx_word' id='word_1_9' title='bbox 896 295 1057 367; x_wconf 90' lang='lat' dir='ltr'>mihi,</span> <span class='ocrx_word' id='word_1_10' title='bbox 1082 291 1199 353; x_wconf 86' lang='lat' dir='ltr'>non</span> <span class='ocrx_word' id='word_1_11' title='bbox 1230 295 1385 353; x_wconf 89' lang='lat' dir='ltr'>tollis</span> <span class='ocrx_word' id='word_1_12' title='bbox 1414 295 1688 367; x_wconf 88' lang='lat' dir='ltr'>dolorem,</span> <span class='ocrx_word' id='word_1_13' title='bbox 1712 314 1846 353; x_wconf 91' lang='lat' dir='ltr'>cum</span> <span class='ocrx_word' id='word_1_14' title='bbox 1868 296 2013 354; x_wconf 84' lang='lat' dir='ltr'>dicis</span> 
     </span>
     <span class='ocr_line' id='line_1_3' title="bbox 325 375 2011 454; baseline 0 -20"><span class='ocrx_word' id='word_1_15' title='bbox 325 397 605 454; x_wconf 89' lang='lat' dir='ltr'>asperum,</span> <span class='ocrx_word' id='word_1_16' title='bbox 637 383 838 434; x_wconf 89' lang='lat' dir='ltr'>contra</span> <span class='ocrx_word' id='word_1_17' title='bbox 868 383 1152 444; x_wconf 86' lang='lat' dir='ltr'>naturam,</span> <span class='ocrx_word' id='word_1_18' title='bbox 1176 376 1272 432; x_wconf 86' lang='lat' dir='ltr'>vix</span> <span class='ocrx_word' id='word_1_19' title='bbox 1308 376 1465 451; x_wconf 88' lang='lat' dir='ltr'>quod</span> <span class='ocrx_word' id='word_1_20' title='bbox 1498 375 1634 432; x_wconf 88' lang='lat' dir='ltr'>ferri</span> <span class='ocrx_word' id='word_1_21' title='bbox 1664 375 2011 453; x_wconf 77' lang='lat' dir='ltr'>tolerarique</span> 
     </span>
     <span class='ocr_line' id='line_1_4' title="bbox 323 455 2013 534; baseline 0 -20"><span class='ocrx_word' id='word_1_22' title='bbox 323 457 523 534; x_wconf 87' lang='lat' dir='ltr'>possit,</span> <span class='ocrx_word' id='word_1_23' title='bbox 554 476 660 514; x_wconf 90' lang='lat' dir='ltr'>nec</span> <span class='ocrx_word' id='word_1_24' title='bbox 694 457 970 527; x_wconf 76' lang='lat' dir='ltr'>mentiriS,</span> <span class='ocrx_word' id='word_1_25' title='bbox 1003 457 1103 513; x_wconf 89' lang='lat' dir='ltr'>sed</span> <span class='ocrx_word' id='word_1_26' title='bbox 1140 475 1197 512; x_wconf 86' lang='lat' dir='ltr'>re</span> <span class='ocrx_word' id='word_1_27' title='bbox 1232 455 1599 513; x_wconf 82' lang='lat' dir='ltr'>succumbere</span> <span class='ocrx_word' id='word_1_28' title='bbox 1635 475 1750 512; x_wconf 89' lang='lat' dir='ltr'>non</span> <span class='ocrx_word' id='word_1_29' title='bbox 1786 466 2013 533; x_wconf 89' lang='lat' dir='ltr'>oporte-</span> 
     </span>
     <span class='ocr_line' id='line_1_5' title="bbox 326 534 2011 613; baseline 0 -19"><span class='ocrx_word' id='word_1_30' title='bbox 326 537 439 608; x_wconf 86' lang='lat' dir='ltr'>bat,</span> <span class='ocrx_word' id='word_1_31' title='bbox 470 536 658 594; x_wconf 87' lang='lat' dir='ltr'>verbis</span> <span class='ocrx_word' id='word_1_32' title='bbox 691 534 1154 613; x_wconf 70' lang='lat' dir='ltr'>gloriabundum.</span> <span class='ocrx_word' id='word_1_33' title='bbox 1242 535 1402 593; x_wconf 84' lang='lat' dir='ltr'>Nihil</span> <span class='ocrx_word' id='word_1_34' title='bbox 1445 535 1663 592; x_wconf 91' lang='lat' dir='ltr'>bonum</span> <span class='ocrx_word' id='word_1_35' title='bbox 1707 536 1819 592; x_wconf 91' lang='lat' dir='ltr'>nisi</span> <span class='ocrx_word' id='word_1_36' title='bbox 1854 537 2011 613; x_wconf 90' lang='lat' dir='ltr'>quod</span> 
     </span>
     <span class='ocr_line' id='line_1_6' title="bbox 330 616 2011 692; baseline -0.001 -18"><span class='ocrx_word' id='word_1_37' title='bbox 330 617 649 687; x_wconf 81' lang='lat' dir='ltr'>honestum,</span> <span class='ocrx_word' id='word_1_38' title='bbox 675 617 819 673; x_wconf 88' lang='lat' dir='ltr'>nihil</span> <span class='ocrx_word' id='word_1_39' title='bbox 849 616 1064 673; x_wconf 90' lang='lat' dir='ltr'>malum</span> <span class='ocrx_word' id='word_1_40' title='bbox 1097 617 1208 672; x_wconf 88' lang='lat' dir='ltr'>nisi</span> <span class='ocrx_word' id='word_1_41' title='bbox 1240 616 1396 692; x_wconf 90' lang='lat' dir='ltr'>quod</span> <span class='ocrx_word' id='word_1_42' title='bbox 1424 623 1626 692; x_wconf 87' lang='lat' dir='ltr'>turpe:</span> <span class='ocrx_word' id='word_1_43' title='bbox 1672 616 2011 692; x_wconf 86' lang='lat' dir='ltr'>optare-hoc</span> 
     </span>
     <span class='ocr_line' id='line_1_7' title="bbox 329 695 2007 774; baseline -0.001 -20"><span class='ocrx_word' id='word_1_44' title='bbox 329 697 558 774; x_wconf 87' lang='lat' dir='ltr'>quidem</span> <span class='ocrx_word' id='word_1_45' title='bbox 594 704 696 767; x_wconf 91' lang='lat' dir='ltr'>est,</span> <span class='ocrx_word' id='word_1_46' title='bbox 732 716 851 753; x_wconf 92' lang='lat' dir='ltr'>non</span> <span class='ocrx_word' id='word_1_47' title='bbox 885 696 1105 753; x_wconf 88' lang='lat' dir='ltr'>docere.</span> <span class='ocrx_word' id='word_1_48' title='bbox 1192 695 1343 753; x_wconf 92' lang='lat' dir='ltr'>Illud</span> <span class='ocrx_word' id='word_1_49' title='bbox 1379 702 1437 753; x_wconf 86' lang='lat' dir='ltr'>et</span> <span class='ocrx_word' id='word_1_50' title='bbox 1474 696 1677 752; x_wconf 86' lang='lat' dir='ltr'>melius</span> <span class='ocrx_word' id='word_1_51' title='bbox 1712 702 1770 753; x_wconf 93' lang='lat' dir='ltr'>et</span> <span class='ocrx_word' id='word_1_52' title='bbox 1802 697 2007 768; x_wconf 81' lang='lat' dir='ltr'>veriuS,</span> 
     </span>
     <span class='ocr_line' id='line_1_8' title="bbox 328 776 2010 853; baseline 0 -19"><span class='ocrx_word' id='word_1_53' title='bbox 328 778 534 848; x_wconf 91' lang='lat' dir='ltr'>omnia,</span> <span class='ocrx_word' id='word_1_54' title='bbox 573 796 717 853; x_wconf 88' lang='lat' dir='ltr'>quae</span> <span class='ocrx_word' id='word_1_55' title='bbox 750 784 954 833; x_wconf 90' lang='lat' dir='ltr'>natura</span> <span class='ocrx_word' id='word_1_56' title='bbox 987 783 1334 852; x_wconf 82' lang='lat' dir='ltr'>aspernetur,</span> <span class='ocrx_word' id='word_1_57' title='bbox 1370 776 1431 832; x_wconf 80' lang='lat' dir='ltr'>in</span> <span class='ocrx_word' id='word_1_58' title='bbox 1465 777 1632 832; x_wconf 87' lang='lat' dir='ltr'>malis</span> <span class='ocrx_word' id='word_1_59' title='bbox 1666 794 1819 833; x_wconf 88' lang='lat' dir='ltr'>esse:</span> <span class='ocrx_word' id='word_1_60' title='bbox 1865 796 2010 853; x_wconf 84' lang='lat' dir='ltr'>quac</span> 
     </span>
     <span class='ocr_line' id='line_1_9' title="bbox 326 855 2012 932; baseline -0.001 -18"><span class='ocrx_word' id='word_1_61' title='bbox 326 858 577 928; x_wconf 84' lang='lat' dir='ltr'>asciscat,</span> <span class='ocrx_word' id='word_1_62' title='bbox 609 858 670 913; x_wconf 92' lang='lat' dir='ltr'>in</span> <span class='ocrx_word' id='word_1_63' title='bbox 703 856 887 913; x_wconf 79' lang='lat' dir='ltr'>bonis,</span> <span class='ocrx_word' id='word_1_64' title='bbox 974 856 1105 912; x_wconf 87' lang='lat' dir='ltr'>Hoc</span> <span class='ocrx_word' id='word_1_65' title='bbox 1139 856 1331 932; x_wconf 87' lang='lat' dir='ltr'>posito</span> <span class='ocrx_word' id='word_1_66' title='bbox 1362 862 1419 912; x_wconf 91' lang='lat' dir='ltr'>et</span> <span class='ocrx_word' id='word_1_67' title='bbox 1448 855 1751 913; x_wconf 86' lang='lat' dir='ltr'>verborum</span> <span class='ocrx_word' id='word_1_68' title='bbox 1786 875 2012 913; x_wconf 88' lang='lat' dir='ltr'>concer-</span> 
     </span>
     <span class='ocr_line' id='line_1_10' title="bbox 325 935 2009 1013; baseline -0.001 -19"><span class='ocrx_word' id='word_1_69' title='bbox 325 938 541 994; x_wconf 79' lang='lat' dir='ltr'>tatione</span> <span class='ocrx_word' id='word_1_70' title='bbox 589 937 814 994; x_wconf 88' lang='lat' dir='ltr'>sublata</span> <span class='ocrx_word' id='word_1_71' title='bbox 856 943 1083 993; x_wconf 87' lang='lat' dir='ltr'>tantum</span> <span class='ocrx_word' id='word_1_72' title='bbox 1136 946 1329 993; x_wconf 83' lang='lat' dir='ltr'>tamen</span> <span class='ocrx_word' id='word_1_73' title='bbox 1374 935 1611 994; x_wconf 84' lang='lat' dir='ltr'>excellet</span> <span class='ocrx_word' id='word_1_74' title='bbox 1652 935 1812 1007; x_wconf 86' lang='lat' dir='ltr'>illud,</span> <span class='ocrx_word' id='word_1_75' title='bbox 1852 935 2009 1013; x_wconf 90' lang='lat' dir='ltr'>quod</span> 
     </span>
     <span class='ocr_line' id='line_1_11' title="bbox 323 1015 2011 1094; baseline -0.001 -20"><span class='ocrx_word' id='word_1_76' title='bbox 323 1024 475 1074; x_wconf 89' lang='lat' dir='ltr'>recte</span> <span class='ocrx_word' id='word_1_77' title='bbox 517 1017 916 1094; x_wconf 85' lang='lat' dir='ltr'>amplexantur</span> <span class='ocrx_word' id='word_1_78' title='bbox 971 1016 1084 1087; x_wconf 89' lang='lat' dir='ltr'>isti,</span> <span class='ocrx_word' id='word_1_79' title='bbox 1124 1015 1281 1092; x_wconf 90' lang='lat' dir='ltr'>quod</span> <span class='ocrx_word' id='word_1_80' title='bbox 1334 1016 1660 1086; x_wconf 88' lang='lat' dir='ltr'>honestum,</span> <span class='ocrx_word' id='word_1_81' title='bbox 1698 1016 1855 1093; x_wconf 90' lang='lat' dir='ltr'>quod</span> <span class='ocrx_word' id='word_1_82' title='bbox 1896 1036 2011 1072; x_wconf 86' lang='lat' dir='ltr'>rcc-</span> 
     </span>
     <span class='ocr_line' id='line_1_12' title="bbox 323 1095 2011 1174; baseline -0.001 -20"><span class='ocrx_word' id='word_1_83' title='bbox 323 1104 466 1167; x_wconf 91' lang='lat' dir='ltr'>tum,</span> <span class='ocrx_word' id='word_1_84' title='bbox 506 1097 661 1174; x_wconf 90' lang='lat' dir='ltr'>quod</span> <span class='ocrx_word' id='word_1_85' title='bbox 711 1097 978 1154; x_wconf 90' lang='lat' dir='ltr'>decorum</span> <span class='ocrx_word' id='word_1_86' title='bbox 1027 1095 1398 1172; x_wconf 83' lang='lat' dir='ltr'>appellamuS,</span> <span class='ocrx_word' id='word_1_87' title='bbox 1440 1097 1596 1173; x_wconf 91' lang='lat' dir='ltr'>quod</span> <span class='ocrx_word' id='word_1_88' title='bbox 1639 1097 1793 1153; x_wconf 86' lang='lat' dir='ltr'>idem</span> <span class='ocrx_word' id='word_1_89' title='bbox 1837 1097 2011 1153; x_wconf 86' lang='lat' dir='ltr'>inter-</span> 
     </span>
     <span class='ocr_line' id='line_1_13' title="bbox 324 1175 2010 1254; baseline -0.001 -20"><span class='ocrx_word' id='word_1_90' title='bbox 324 1177 464 1234; x_wconf 88' lang='lat' dir='ltr'>dum</span> <span class='ocrx_word' id='word_1_91' title='bbox 485 1177 714 1235; x_wconf 86' lang='lat' dir='ltr'>virtutis</span> <span class='ocrx_word' id='word_1_92' title='bbox 743 1176 976 1234; x_wconf 89' lang='lat' dir='ltr'>nomine</span> <span class='ocrx_word' id='word_1_93' title='bbox 1005 1175 1422 1253; x_wconf 80' lang='lat' dir='ltr'>amplectimur,</span> <span class='ocrx_word' id='word_1_94' title='bbox 1455 1183 1520 1232; x_wconf 92' lang='lat' dir='ltr'>ut</span> <span class='ocrx_word' id='word_1_95' title='bbox 1549 1177 1743 1234; x_wconf 88' lang='lat' dir='ltr'>omnia</span> <span class='ocrx_word' id='word_1_96' title='bbox 1764 1185 2010 1254; x_wconf 85' lang='lat' dir='ltr'>praetcr-</span> 
     </span>
     <span class='ocr_line' id='line_1_14' title="bbox 324 1256 2011 1334; baseline -0.001 -20"><span class='ocrx_word' id='word_1_97' title='bbox 324 1277 406 1328; x_wconf 87' lang='lat' dir='ltr'>ea,</span> <span class='ocrx_word' id='word_1_98' title='bbox 439 1276 582 1334; x_wconf 90' lang='lat' dir='ltr'>quae</span> <span class='ocrx_word' id='word_1_99' title='bbox 615 1256 769 1314; x_wconf 88' lang='lat' dir='ltr'>bona</span> <span class='ocrx_word' id='word_1_100' title='bbox 802 1256 1057 1332; x_wconf 88' lang='lat' dir='ltr'>corporis</span> <span class='ocrx_word' id='word_1_101' title='bbox 1093 1262 1151 1312; x_wconf 93' lang='lat' dir='ltr'>et</span> <span class='ocrx_word' id='word_1_102' title='bbox 1184 1257 1451 1313; x_wconf 78' lang='lat' dir='ltr'>fortunae</span> <span class='ocrx_word' id='word_1_103' title='bbox 1484 1264 1778 1333; x_wconf 84' lang='lat' dir='ltr'>putantur,</span> <span class='ocrx_word' id='word_1_104' title='bbox 1816 1276 2011 1332; x_wconf 86' lang='lat' dir='ltr'>perex-</span> 
     </span>
     <span class='ocr_line' id='line_1_15' title="bbox 325 1336 2005 1414; baseline -0.001 -21"><span class='ocrx_word' id='word_1_105' title='bbox 325 1338 461 1414; x_wconf 87' lang='lat' dir='ltr'>igua</span> <span class='ocrx_word' id='word_1_106' title='bbox 498 1343 557 1394; x_wconf 90' lang='lat' dir='ltr'>et</span> <span class='ocrx_word' id='word_1_107' title='bbox 589 1337 814 1394; x_wconf 89' lang='lat' dir='ltr'>minuta</span> <span class='ocrx_word' id='word_1_108' title='bbox 845 1336 1163 1404; x_wconf 87' lang='lat' dir='ltr'>videantur,</span> <span class='ocrx_word' id='word_1_109' title='bbox 1199 1355 1273 1393; x_wconf 92' lang='lat' dir='ltr'>ne</span> <span class='ocrx_word' id='word_1_110' title='bbox 1306 1337 1523 1393; x_wconf 86' lang='lat' dir='ltr'>malum</span> <span class='ocrx_word' id='word_1_111' title='bbox 1558 1336 1791 1413; x_wconf 89' lang='lat' dir='ltr'>quidem</span> <span class='ocrx_word' id='word_1_112' title='bbox 1826 1337 2005 1393; x_wconf 88' lang='lat' dir='ltr'>ullum</span> 
     </span>
     <span class='ocr_line' id='line_1_16' title="bbox 323 1416 2011 1492; baseline -0.001 -18"><span class='ocrx_word' id='word_1_113' title='bbox 323 1437 444 1484; x_wconf 93' lang='lat' dir='ltr'>nec,</span> <span class='ocrx_word' id='word_1_114' title='bbox 471 1417 518 1474; x_wconf 87' lang='lat' dir='ltr'>si</span> <span class='ocrx_word' id='word_1_115' title='bbox 545 1418 607 1474; x_wconf 88' lang='lat' dir='ltr'>in</span> <span class='ocrx_word' id='word_1_116' title='bbox 635 1436 814 1474; x_wconf 89' lang='lat' dir='ltr'>unum</span> <span class='ocrx_word' id='word_1_117' title='bbox 844 1416 1037 1473; x_wconf 88' lang='lat' dir='ltr'>locum</span> <span class='ocrx_word' id='word_1_118' title='bbox 1065 1416 1274 1473; x_wconf 87' lang='lat' dir='ltr'>collata</span> <span class='ocrx_word' id='word_1_119' title='bbox 1294 1416 1489 1474; x_wconf 92' lang='lat' dir='ltr'>omnia</span> <span class='ocrx_word' id='word_1_120' title='bbox 1515 1417 1646 1486; x_wconf 87' lang='lat' dir='ltr'>sint,</span> <span class='ocrx_word' id='word_1_121' title='bbox 1672 1436 1803 1473; x_wconf 87' lang='lat' dir='ltr'>cum</span> <span class='ocrx_word' id='word_1_122' title='bbox 1832 1416 2011 1492; x_wconf 86' lang='lat' dir='ltr'>turpi-</span> 
     </span>
     <span class='ocr_line' id='line_1_17' title="bbox 323 1495 2010 1573; baseline -0.001 -19"><span class='ocrx_word' id='word_1_123' title='bbox 323 1497 544 1554; x_wconf 87' lang='lat' dir='ltr'>tudinis</span> <span class='ocrx_word' id='word_1_124' title='bbox 579 1497 733 1554; x_wconf 88' lang='lat' dir='ltr'>malo</span> <span class='ocrx_word' id='word_1_125' title='bbox 769 1496 1169 1573; x_wconf 87' lang='lat' dir='ltr'>comparanda.</span> <span class='ocrx_word' id='word_1_126' title='bbox 1258 1502 1349 1554; x_wconf 92' lang='lat'>31.</span> <span class='ocrx_word' id='word_1_127' title='bbox 1389 1495 1517 1564; x_wconf 82' lang='lat' dir='ltr'>Qua</span> <span class='ocrx_word' id='word_1_128' title='bbox 1550 1516 1607 1553; x_wconf 88' lang='lat' dir='ltr'>re</span> <span class='ocrx_word' id='word_1_129' title='bbox 1643 1497 1707 1568; x_wconf 89' lang='lat' dir='ltr'>si,</span> <span class='ocrx_word' id='word_1_130' title='bbox 1739 1502 1805 1552; x_wconf 90' lang='lat' dir='ltr'>ut</span> <span class='ocrx_word' id='word_1_131' title='bbox 1838 1496 2010 1553; x_wconf 88' lang='lat' dir='ltr'>init-io</span> 
     </span>
     <span class='ocr_line' id='line_1_18' title="bbox 323 1575 2010 1653; baseline -0.001 -19"><span class='ocrx_word' id='word_1_132' title='bbox 323 1577 670 1649; x_wconf 83' lang='lat' dir='ltr'>concessisti,</span> <span class='ocrx_word' id='word_1_133' title='bbox 701 1576 1004 1653; x_wconf 88' lang='lat' dir='ltr'>turpitudo</span> <span class='ocrx_word' id='word_1_134' title='bbox 1031 1577 1196 1653; x_wconf 88' lang='lat' dir='ltr'>peius</span> <span class='ocrx_word' id='word_1_135' title='bbox 1226 1583 1311 1633; x_wconf 90' lang='lat' dir='ltr'>est</span> <span class='ocrx_word' id='word_1_136' title='bbox 1340 1595 1512 1653; x_wconf 88' lang='lat' dir='ltr'>quam</span> <span class='ocrx_word' id='word_1_137' title='bbox 1541 1575 1722 1648; x_wconf 88' lang='lat' dir='ltr'>dolor,</span> <span class='ocrx_word' id='word_1_138' title='bbox 1747 1575 1893 1632; x_wconf 90' lang='lat' dir='ltr'>nihil</span> <span class='ocrx_word' id='word_1_139' title='bbox 1922 1583 2010 1633; x_wconf 88' lang='lat' dir='ltr'>est</span> 
     </span>
     <span class='ocr_line' id='line_1_19' title="bbox 322 1656 2008 1734; baseline 0.001 -22"><span class='ocrx_word' id='word_1_140' title='bbox 322 1657 492 1734; x_wconf 90' lang='lat' dir='ltr'>plane</span> <span class='ocrx_word' id='word_1_141' title='bbox 521 1657 700 1714; x_wconf 90' lang='lat' dir='ltr'>dolor.</span> <span class='ocrx_word' id='word_1_142' title='bbox 785 1657 936 1714; x_wconf 90' lang='lat' dir='ltr'>Nam</span> <span class='ocrx_word' id='word_1_143' title='bbox 966 1656 1107 1712; x_wconf 92' lang='lat' dir='ltr'>dum</span> <span class='ocrx_word' id='word_1_144' title='bbox 1138 1656 1245 1713; x_wconf 90' lang='lat' dir='ltr'>tibi</span> <span class='ocrx_word' id='word_1_145' title='bbox 1276 1663 1445 1733; x_wconf 86' lang='lat' dir='ltr'>turpe</span> <span class='ocrx_word' id='word_1_146' title='bbox 1480 1675 1584 1713; x_wconf 87' lang='lat' dir='ltr'>nec</span> <span class='ocrx_word' id='word_1_147' title='bbox 1612 1657 1855 1734; x_wconf 84' lang='lat' dir='ltr'>dignum</span> <span class='ocrx_word' id='word_1_148' title='bbox 1884 1657 2008 1714; x_wconf 85' lang='lat' dir='ltr'>viro</span> 
     </span>
     <span class='ocr_line' id='line_1_20' title="bbox 275 1735 2009 1815; baseline 0.001 -21"><span class='ocrx_word' id='word_1_149' title='bbox 275 1788 283 1794; x_wconf 85' lang='lat'><em>.</em></span> <span class='ocrx_word' id='word_1_150' title='bbox 322 1736 612 1796; x_wconf 89' lang='lat' dir='ltr'>videbitur</span> <span class='ocrx_word' id='word_1_151' title='bbox 631 1756 875 1814; x_wconf 82' lang='lat' dir='ltr'>gernere,</span> <span class='ocrx_word' id='word_1_152' title='bbox 901 1735 1126 1807; x_wconf 88' lang='lat' dir='ltr'>eiulare,</span> <span class='ocrx_word' id='word_1_153' title='bbox 1151 1736 1466 1809; x_wconf 89' lang='lat' dir='ltr'>lamentari,</span> <span class='ocrx_word' id='word_1_154' title='bbox 1487 1737 1695 1815; x_wconf 81' lang='lat' dir='ltr'>frangi,</span> <span class='ocrx_word' id='word_1_155' title='bbox 1722 1737 2009 1796; x_wconf 87' lang='lat' dir='ltr'>debilitari</span> 
     </span>
     <span class='ocr_line' id='line_1_21' title="bbox 323 1818 2009 1895; baseline 0 -20"><span class='ocrx_word' id='word_1_156' title='bbox 323 1818 536 1889; x_wconf 88' lang='lat' dir='ltr'>dolore,</span> <span class='ocrx_word' id='word_1_157' title='bbox 569 1818 707 1875; x_wconf 92' lang='lat' dir='ltr'>dum</span> <span class='ocrx_word' id='word_1_158' title='bbox 743 1818 1030 1889; x_wconf 74' lang='lat' dir='ltr'>honestae,</span> <span class='ocrx_word' id='word_1_159' title='bbox 1061 1818 1203 1874; x_wconf 89' lang='lat' dir='ltr'>dum</span> <span class='ocrx_word' id='word_1_160' title='bbox 1236 1818 1507 1895; x_wconf 80' lang='lat' dir='ltr'>dignitaS,</span> <span class='ocrx_word' id='word_1_161' title='bbox 1540 1818 1678 1875; x_wconf 90' lang='lat' dir='ltr'>dum</span> <span class='ocrx_word' id='word_1_162' title='bbox 1710 1818 1885 1877; x_wconf 85' lang='lat' dir='ltr'>decus</span> <span class='ocrx_word' id='word_1_163' title='bbox 1913 1818 2009 1875; x_wconf 92' lang='lat' dir='ltr'>ad-</span> 
     </span>
     <span class='ocr_line' id='line_1_22' title="bbox 321 1897 2010 1977; baseline 0 -22"><span class='ocrx_word' id='word_1_164' title='bbox 321 1899 445 1969; x_wconf 90' lang='lat' dir='ltr'>erit,</span> <span class='ocrx_word' id='word_1_165' title='bbox 475 1906 654 1976; x_wconf 88' lang='lat' dir='ltr'>tuqne</span> <span class='ocrx_word' id='word_1_166' title='bbox 682 1898 744 1955; x_wconf 90' lang='lat' dir='ltr'>in</span> <span class='ocrx_word' id='word_1_167' title='bbox 779 1916 844 1955; x_wconf 89' lang='lat' dir='ltr'>ea</span> <span class='ocrx_word' id='word_1_168' title='bbox 871 1897 1104 1955; x_wconf 87' lang='lat' dir='ltr'>intuens</span> <span class='ocrx_word' id='word_1_169' title='bbox 1138 1904 1196 1955; x_wconf 93' lang='lat' dir='ltr'>te</span> <span class='ocrx_word' id='word_1_170' title='bbox 1224 1898 1562 1969; x_wconf 84' lang='lat' dir='ltr'>continebiS,</span> <span class='ocrx_word' id='word_1_171' title='bbox 1595 1898 1760 1957; x_wconf 90' lang='lat' dir='ltr'>cedet</span> <span class='ocrx_word' id='word_1_172' title='bbox 1788 1900 2010 1977; x_wconf 86' lang='lat' dir='ltr'>profec-</span> 
     </span>
     <span class='ocr_line' id='line_1_23' title="bbox 321 1978 2009 2056; baseline 0 -21"><span class='ocrx_word' id='word_1_173' title='bbox 321 1986 384 2035; x_wconf 91' lang='lat' dir='ltr'>to</span> <span class='ocrx_word' id='word_1_174' title='bbox 406 1979 606 2036; x_wconf 88' lang='lat' dir='ltr'>virtuti</span> <span class='ocrx_word' id='word_1_175' title='bbox 629 1978 794 2036; x_wconf 88' lang='lat' dir='ltr'>dolor</span> <span class='ocrx_word' id='word_1_176' title='bbox 815 1983 874 2035; x_wconf 89' lang='lat' dir='ltr'>et</span> <span class='ocrx_word' id='word_1_177' title='bbox 900 1978 1078 2035; x_wconf 87' lang='lat' dir='ltr'>anim-i</span> <span class='ocrx_word' id='word_1_178' title='bbox 1108 1978 1443 2036; x_wconf 89' lang='lat' dir='ltr'>inductione</span> <span class='ocrx_word' id='word_1_179' title='bbox 1470 1978 1815 2056; x_wconf 86' lang='lat' dir='ltr'>languescet.</span> <span class='ocrx_word' id='word_1_180' title='bbox 1885 1978 2009 2036; x_wconf 89' lang='lat' dir='ltr'>Aut</span> 
     </span>
     <span class='ocr_line' id='line_1_24' title="bbox 321 2058 2003 2117; baseline 0 -2"><span class='ocrx_word' id='word_1_181' title='bbox 321 2060 476 2115; x_wconf 89' lang='lat' dir='ltr'>enim</span> <span class='ocrx_word' id='word_1_182' title='bbox 505 2058 662 2115; x_wconf 88' lang='lat' dir='ltr'>nulla</span> <span class='ocrx_word' id='word_1_183' title='bbox 681 2058 862 2115; x_wconf 83' lang='lat' dir='ltr'>virtus</span> <span class='ocrx_word' id='word_1_184' title='bbox 891 2064 977 2115; x_wconf 89' lang='lat' dir='ltr'>est</span> <span class='ocrx_word' id='word_1_185' title='bbox 1005 2064 1104 2115; x_wconf 89' lang='lat' dir='ltr'>aut</span> <span class='ocrx_word' id='word_1_186' title='bbox 1127 2058 1581 2116; x_wconf 89' lang='lat' dir='ltr'>contemnendus</span> <span class='ocrx_word' id='word_1_187' title='bbox 1606 2059 1795 2116; x_wconf 88' lang='lat' dir='ltr'>omnis</span> <span class='ocrx_word' id='word_1_188' title='bbox 1822 2059 2003 2117; x_wconf 88' lang='lat' dir='ltr'>dolor.</span> 
     </span>
     <span class='ocr_line' id='line_1_25' title="bbox 322 2138 2005 2217; baseline 0 -22"><span class='ocrx_word' id='word_1_189' title='bbox 322 2138 773 2196; x_wconf 90' lang='lat' dir='ltr'>Prudentiamne</span> <span class='ocrx_word' id='word_1_190' title='bbox 801 2138 887 2194; x_wconf 85' lang='lat' dir='ltr'>vis</span> <span class='ocrx_word' id='word_1_191' title='bbox 915 2156 1052 2209; x_wconf 87' lang='lat' dir='ltr'>esse,</span> <span class='ocrx_word' id='word_1_192' title='bbox 1079 2138 1201 2195; x_wconf 89' lang='lat' dir='ltr'>sine</span> <span class='ocrx_word' id='word_1_193' title='bbox 1232 2158 1344 2215; x_wconf 89' lang='lat' dir='ltr'>qua</span> <span class='ocrx_word' id='word_1_194' title='bbox 1376 2158 1449 2196; x_wconf 92' lang='lat' dir='ltr'>ne</span> <span class='ocrx_word' id='word_1_195' title='bbox 1484 2140 1743 2217; x_wconf 83' lang='lat' dir='ltr'>intellegi</span> <span class='ocrx_word' id='word_1_196' title='bbox 1773 2140 2005 2216; x_wconf 88' lang='lat' dir='ltr'>quidem</span> 
     </span>
     <span class='ocr_line' id='line_1_26' title="bbox 320 2217 2009 2296; baseline -0.001 -20"><span class='ocrx_word' id='word_1_197' title='bbox 320 2218 436 2276; x_wconf 89' lang='lat' dir='ltr'>ulla</span> <span class='ocrx_word' id='word_1_198' title='bbox 455 2219 638 2276; x_wconf 88' lang='lat' dir='ltr'>virtus</span> <span class='ocrx_word' id='word_1_199' title='bbox 657 2219 888 2295; x_wconf 63' lang='lat' dir='ltr'>potest?</span> <span class='ocrx_word' id='word_1_200' title='bbox 951 2217 1106 2286; x_wconf 83' lang='lat' dir='ltr'>Quid</span> <span class='ocrx_word' id='word_1_201' title='bbox 1128 2220 1303 2294; x_wconf 61' lang='lat' dir='ltr'>ergo?</span> <span class='ocrx_word' id='word_1_202' title='bbox 1337 2237 1404 2275; x_wconf 87' lang='lat' dir='ltr'>ea</span> <span class='ocrx_word' id='word_1_203' title='bbox 1426 2220 1749 2295; x_wconf 87' lang='lat' dir='ltr'>patieturne</span> <span class='ocrx_word' id='word_1_204' title='bbox 1770 2226 1828 2276; x_wconf 90' lang='lat' dir='ltr'>te</span> <span class='ocrx_word' id='word_1_205' title='bbox 1848 2219 2009 2296; x_wconf 88' lang='lat' dir='ltr'>quid-</span> 
     </span>
     <span class='ocr_line' id='line_1_27' title="bbox 322 2297 2005 2376; baseline -0.001 -21"><span class='ocrx_word' id='word_1_206' title='bbox 322 2318 494 2376; x_wconf 85' lang='lat' dir='ltr'>quam</span> <span class='ocrx_word' id='word_1_207' title='bbox 538 2298 726 2355; x_wconf 81' lang='lat' dir='ltr'>faccre</span> <span class='ocrx_word' id='word_1_208' title='bbox 769 2298 916 2354; x_wconf 91' lang='lat' dir='ltr'>nihil</span> <span class='ocrx_word' id='word_1_209' title='bbox 960 2297 1357 2374; x_wconf 87' lang='lat' dir='ltr'>proficientem</span> <span class='ocrx_word' id='word_1_210' title='bbox 1404 2305 1463 2355; x_wconf 86' lang='lat' dir='ltr'>et</span> <span class='ocrx_word' id='word_1_211' title='bbox 1515 2298 1886 2369; x_wconf 88' lang='lat' dir='ltr'>laborantem,</span> <span class='ocrx_word' id='word_1_212' title='bbox 1934 2318 2005 2355; x_wconf 91' lang='lat' dir='ltr'>an</span> 
     </span>
     <span class='ocr_line' id='line_1_28' title="bbox 318 2378 2004 2455; baseline -0.001 -19"><span class='ocrx_word' id='word_1_213' title='bbox 318 2378 701 2455; x_wconf 89' lang='lat' dir='ltr'>temperantia</span> <span class='ocrx_word' id='word_1_214' title='bbox 741 2378 891 2435; x_wconf 89' lang='lat' dir='ltr'>sinet</span> <span class='ocrx_word' id='word_1_215' title='bbox 931 2384 989 2435; x_wconf 89' lang='lat' dir='ltr'>te</span> <span class='ocrx_word' id='word_1_216' title='bbox 1030 2378 1408 2435; x_wconf 89' lang='lat' dir='ltr'>immoderate</span> <span class='ocrx_word' id='word_1_217' title='bbox 1450 2379 1637 2435; x_wconf 86' lang='lat' dir='ltr'>facere</span> <span class='ocrx_word' id='word_1_218' title='bbox 1673 2378 2004 2455; x_wconf 89' lang='lat' dir='ltr'>quidquam,</span> 
     </span>
     <span class='ocr_line' id='line_1_29' title="bbox 319 2457 2008 2535; baseline 0 -20"><span class='ocrx_word' id='word_1_219' title='bbox 319 2479 393 2515; x_wconf 89' lang='lat' dir='ltr'>an</span> <span class='ocrx_word' id='word_1_220' title='bbox 422 2457 535 2516; x_wconf 91' lang='lat' dir='ltr'>coli</span> <span class='ocrx_word' id='word_1_221' title='bbox 560 2458 782 2516; x_wconf 86' lang='lat' dir='ltr'>ius-titia</span> <span class='ocrx_word' id='word_1_222' title='bbox 807 2458 1024 2535; x_wconf 86' lang='lat' dir='ltr'>poterit</span> <span class='ocrx_word' id='word_1_223' title='bbox 1057 2458 1130 2515; x_wconf 89' lang='lat' dir='ltr'>ab</span> <span class='ocrx_word' id='word_1_224' title='bbox 1163 2458 1400 2515; x_wconf 89' lang='lat' dir='ltr'>homine</span> <span class='ocrx_word' id='word_1_225' title='bbox 1434 2465 1672 2535; x_wconf 87' lang='lat' dir='ltr'>propter</span> <span class='ocrx_word' id='word_1_226' title='bbox 1697 2458 1816 2515; x_wconf 88' lang='lat' dir='ltr'>vim</span> <span class='ocrx_word' id='word_1_227' title='bbox 1851 2458 2008 2515; x_wconf 92' lang='lat' dir='ltr'>dolo-</span> 
     </span>
     <span class='ocr_line' id='line_1_30' title="bbox 319 2538 2009 2616; baseline 0 -21"><span class='ocrx_word' id='word_1_228' title='bbox 319 2540 398 2595; x_wconf 87' lang='lat' dir='ltr'>ris</span> <span class='ocrx_word' id='word_1_229' title='bbox 439 2539 782 2596; x_wconf 90' lang='lat' dir='ltr'>enunciante</span> <span class='ocrx_word' id='word_1_230' title='bbox 823 2538 1145 2611; x_wconf 88' lang='lat' dir='ltr'>commissa,</span> <span class='ocrx_word' id='word_1_231' title='bbox 1188 2538 1469 2616; x_wconf 90' lang='lat' dir='ltr'>prodente</span> <span class='ocrx_word' id='word_1_232' title='bbox 1512 2539 1789 2610; x_wconf 78' lang='lat' dir='ltr'>consciOS,</span> <span class='ocrx_word' id='word_1_233' title='bbox 1825 2539 2009 2596; x_wconf 87' lang='lat' dir='ltr'>mult-a</span> 
     </span>
     <span class='ocr_line' id='line_1_31' title="bbox 321 2618 2009 2696; baseline -0.001 -20"><span class='ocrx_word' id='word_1_234' title='bbox 321 2618 509 2676; x_wconf 87' lang='lat' dir='ltr'>officia</span> <span class='ocrx_word' id='word_1_235' title='bbox 548 2619 944 2696; x_wconf 63' lang='lat' dir='ltr'>relinquente?</span> <span class='ocrx_word' id='word_1_236' title='bbox 1027 2625 1121 2676; x_wconf 79' lang='lat'>32.</span> <span class='ocrx_word' id='word_1_237' title='bbox 1160 2618 1353 2687; x_wconf 61' lang='lat' dir='ltr'>Quid?</span> <span class='ocrx_word' id='word_1_238' title='bbox 1402 2619 1737 2677; x_wconf 86' lang='lat' dir='ltr'>fortitudini</span> <span class='ocrx_word' id='word_1_239' title='bbox 1786 2620 2009 2677; x_wconf 88' lang='lat' dir='ltr'>comiti·</span> 
     </span>
     <span class='ocr_line' id='line_1_32' title="bbox 319 2698 2002 2777; baseline 0.001 -22"><span class='ocrx_word' id='word_1_240' title='bbox 319 2698 539 2776; x_wconf 87' lang='lat' dir='ltr'>busque</span> <span class='ocrx_word' id='word_1_241' title='bbox 567 2699 706 2771; x_wconf 72' lang='lat' dir='ltr'>eine„</span> <span class='ocrx_word' id='word_1_242' title='bbox 730 2698 1116 2776; x_wconf 85' lang='lat' dir='ltr'>magnitudini</span> <span class='ocrx_word' id='word_1_243' title='bbox 1148 2700 1341 2769; x_wconf 89' lang='lat' dir='ltr'>animi,</span> <span class='ocrx_word' id='word_1_244' title='bbox 1367 2700 1650 2776; x_wconf 85' lang='lat' dir='ltr'>gravitati,</span> <span class='ocrx_word' id='word_1_245' title='bbox 1676 2700 2002 2777; x_wconf 90' lang='lat' dir='ltr'>patientiae,</span> 
     </span>
     <span class='ocr_line' id='line_1_33' title="bbox 319 2779 2008 2857; baseline 0 -22"><span class='ocrx_word' id='word_1_246' title='bbox 319 2798 509 2836; x_wconf 89' lang='lat' dir='ltr'>rerum</span> <span class='ocrx_word' id='word_1_247' title='bbox 547 2779 929 2836; x_wconf 89' lang='lat' dir='ltr'>humanarum</span> <span class='ocrx_word' id='word_1_248' title='bbox 969 2779 1377 2856; x_wconf 89' lang='lat' dir='ltr'>despicientiae</span> <span class='ocrx_word' id='word_1_249' title='bbox 1413 2798 1527 2857; x_wconf 89' lang='lat' dir='ltr'>quo</span> <span class='ocrx_word' id='word_1_250' title='bbox 1561 2781 1738 2837; x_wconf 90' lang='lat' dir='ltr'>modo</span> <span class='ocrx_word' id='word_1_251' title='bbox 1778 2799 2008 2856; x_wconf 89' lang='lat' dir='ltr'>respon-</span> 
     </span>
     <span class='ocr_line' id='line_1_34' title="bbox 320 2858 2009 2917; baseline -0.001 -1"><span class='ocrx_word' id='word_1_252' title='bbox 320 2859 520 2916; x_wconf 67' lang='lat' dir='ltr'>debis?</span> <span class='ocrx_word' id='word_1_253' title='bbox 587 2858 951 2917; x_wconf 87' lang='lat' dir='ltr'>Adflictusne</span> <span class='ocrx_word' id='word_1_254' title='bbox 980 2866 1039 2916; x_wconf 90' lang='lat' dir='ltr'>et</span> <span class='ocrx_word' id='word_1_255' title='bbox 1065 2860 1256 2916; x_wconf 87' lang='lat' dir='ltr'>iacens</span> <span class='ocrx_word' id='word_1_256' title='bbox 1285 2865 1343 2915; x_wconf 93' lang='lat' dir='ltr'>et</span> <span class='ocrx_word' id='word_1_257' title='bbox 1372 2859 1726 2917; x_wconf 89' lang='lat' dir='ltr'>lamentabili</span> <span class='ocrx_word' id='word_1_258' title='bbox 1746 2880 1886 2917; x_wconf 87' lang='lat' dir='ltr'>voce</span> <span class='ocrx_word' id='word_1_259' title='bbox 1915 2860 2009 2915; x_wconf 89' lang='lat' dir='ltr'>de-</span> 
     </span>
     <span class='ocr_line' id='line_1_35' title="bbox 319 2938 2008 3015; baseline 0 -20"><span class='ocrx_word' id='word_1_260' title='bbox 319 2939 553 3015; x_wconf 88' lang='lat' dir='ltr'>plorans</span> <span class='ocrx_word' id='word_1_261' title='bbox 592 2940 875 2997; x_wconf 88' lang='lat' dir='ltr'>audieris:</span> <span class='ocrx_word' id='word_1_262' title='bbox 923 2938 1026 2997; x_wconf 91' lang='lat' dir='ltr'>“O</span> <span class='ocrx_word' id='word_1_263' title='bbox 1056 2940 1243 2996; x_wconf 89' lang='lat' dir='ltr'>virum</span> <span class='ocrx_word' id='word_1_264' title='bbox 1278 2940 1492 2996; x_wconf 84' lang='lat' dir='ltr'>fortem</span> <span class='ocrx_word' id='word_1_265' title='bbox 1510 2939 1565 2997; x_wconf 65' lang='grc' dir='ltr'>’.δ”</span> <span class='ocrx_word' id='word_1_266' title='bbox 1641 2940 1723 2997; x_wconf 89' lang='lat' dir='ltr'>Te</span> <span class='ocrx_word' id='word_1_267' title='bbox 1760 2959 1890 2997; x_wconf 89' lang='lat' dir='ltr'>vero</span> <span class='ocrx_word' id='word_1_268' title='bbox 1925 2939 2008 2995; x_wconf 89' lang='lat' dir='ltr'>ita</span> 
     </span>
     <span class='ocr_line' id='line_1_36' title="bbox 320 3018 2007 3097; baseline -0.001 -23"><span class='ocrx_word' id='word_1_269' title='bbox 320 3019 613 3076; x_wconf 83' lang='lat' dir='ltr'>adfectum</span> <span class='ocrx_word' id='word_1_270' title='bbox 644 3039 717 3077; x_wconf 92' lang='lat' dir='ltr'>ne</span> <span class='ocrx_word' id='word_1_271' title='bbox 739 3020 924 3075; x_wconf 85' lang='lat' dir='ltr'>virum</span> <span class='ocrx_word' id='word_1_272' title='bbox 952 3020 1186 3096; x_wconf 89' lang='lat' dir='ltr'>quidem</span> <span class='ocrx_word' id='word_1_273' title='bbox 1210 3020 1511 3097; x_wconf 85' lang='lat' dir='ltr'>quisquam</span> <span class='ocrx_word' id='word_1_274' title='bbox 1536 3019 1760 3077; x_wconf 86' lang='lat' dir='ltr'>dixerit.</span> <span class='ocrx_word' id='word_1_275' title='bbox 1819 3018 2007 3074; x_wconf 90' lang='lat' dir='ltr'>Amit—</span> 
     </span>
     <span class='ocr_line' id='line_1_37' title="bbox 318 3099 1854 3177; baseline -0.002 -20"><span class='ocrx_word' id='word_1_276' title='bbox 318 3099 496 3157; x_wconf 84' lang='lat' dir='ltr'>tcnda</span> <span class='ocrx_word' id='word_1_277' title='bbox 523 3099 700 3176; x_wconf 86' lang='lat' dir='ltr'>igitur</span> <span class='ocrx_word' id='word_1_278' title='bbox 728 3099 1014 3156; x_wconf 81' lang='lat' dir='ltr'>fortitudo</span> <span class='ocrx_word' id='word_1_279' title='bbox 1045 3107 1131 3157; x_wconf 90' lang='lat' dir='ltr'>est</span> <span class='ocrx_word' id='word_1_280' title='bbox 1160 3107 1259 3156; x_wconf 92' lang='lat' dir='ltr'>aut</span> <span class='ocrx_word' id='word_1_281' title='bbox 1288 3100 1647 3177; x_wconf 88' lang='lat' dir='ltr'>sepeliendus</span> <span class='ocrx_word' id='word_1_282' title='bbox 1676 3099 1854 3155; x_wconf 90' lang='lat' dir='ltr'>dolor.</span> 
     </span>
     <span class='ocr_line' id='line_1_38' title="bbox 401 3178 2007 3257; baseline -0.002 -21"><span class='ocrx_word' id='word_1_283' title='bbox 401 3179 567 3238; x_wconf 91' lang='lat' dir='ltr'><strong>XIV.</strong></span> <span class='ocrx_word' id='word_1_284' title='bbox 606 3179 833 3257; x_wconf 89' lang='lat' dir='ltr'>Ecquid</span> <span class='ocrx_word' id='word_1_285' title='bbox 859 3180 968 3237; x_wconf 88' lang='lat' dir='ltr'>scis</span> <span class='ocrx_word' id='word_1_286' title='bbox 997 3180 1189 3257; x_wconf 82' lang='lat' dir='ltr'>igitur,</span> <span class='ocrx_word' id='word_1_287' title='bbox 1215 3180 1262 3236; x_wconf 86' lang='lat' dir='ltr'>si</span> <span class='ocrx_word' id='word_1_288' title='bbox 1288 3179 1426 3257; x_wconf 89' lang='lat' dir='ltr'>quid</span> <span class='ocrx_word' id='word_1_289' title='bbox 1455 3180 1525 3237; x_wconf 91' lang='lat' dir='ltr'>de</span> <span class='ocrx_word' id='word_1_290' title='bbox 1548 3178 1865 3236; x_wconf 88' lang='lat' dir='ltr'>Corinthiis</span> <span class='ocrx_word' id='word_1_291' title='bbox 1892 3178 2007 3235; x_wconf 87' lang='lat' dir='ltr'>tuis</span> 
     </span>
     <span class='ocr_line' id='line_1_39' title="bbox 320 3258 2007 3337; baseline -0.002 -20"><span class='ocrx_word' id='word_1_292' title='bbox 320 3260 594 3329; x_wconf 79' lang='lat' dir='ltr'>amiseriS,</span> <span class='ocrx_word' id='word_1_293' title='bbox 626 3278 794 3337; x_wconf 80' lang='lat' dir='ltr'>posse</span> <span class='ocrx_word' id='word_1_294' title='bbox 823 3259 1030 3316; x_wconf 88' lang='lat' dir='ltr'>habere</span> <span class='ocrx_word' id='word_1_295' title='bbox 1060 3267 1116 3315; x_wconf 83' lang='lat' dir='ltr'>tc</span> <span class='ocrx_word' id='word_1_296' title='bbox 1152 3260 1428 3335; x_wconf 81' lang='lat' dir='ltr'>reliquam</span> <span class='ocrx_word' id='word_1_297' title='bbox 1464 3258 1872 3335; x_wconf 89' lang='lat' dir='ltr'>supellectilem</span> <span class='ocrx_word' id='word_1_298' title='bbox 1906 3258 2007 3313; x_wconf 86' lang='lat' dir='ltr'>sal-</span> 
     </span>
    </p>
   </div>
  </div>
 </body>
</html>
