2235 3581
248 157 342 208 166
468 157 1061 208 TUSCULANARUM
1109 157 1712 208 DISPUTATIONUM

244 267 366 318 tera
399 267 457 318 et
489 260 870 331 abiicientem,
900 260 961 316 in
991 260 1203 318 virtut-e
1234 279 1354 318 non
1385 260 1614 318 beatam
1649 260 1829 318 modo
1857 261 1937 318 vi-

243 348 381 413 tam,
419 341 520 398 sed
561 341 735 398 etiam
777 340 1166 398 beatissimam
1210 341 1456 418 ponere?
1498 341 1657 418 quod
1699 341 1934 418 quidem

242 422 354 478 nisi
396 421 477 493 fit,
518 421 798 478 virtutum
844 421 1108 478 interitus
1159 428 1552 498 consequetur.
1642 427 1734 479 52.
1782 421 1934 480 Nam

241 502 303 560 in
339 521 508 578 quem
543 501 698 559 cadit
729 501 1047 578 aegritudO,
1080 502 1142 557 in
1176 501 1441 559 eumdem
1476 508 1699 558 metum
1734 502 1934 560 cadere

240 601 470 640 necesse
499 589 617 640 est:
655 588 742 639 est
769 583 924 640 enim
952 589 1143 638 metus
1163 581 1392 638 futurae
1422 582 1799 657 aegritudinis
1827 583 1936 640 sol-

243 662 401 719 licita
423 662 771 739 exspectatio
797 681 810 719 :
846 662 907 718 in
938 681 1109 739 quem
1140 669 1333 718 autem
1354 669 1560 733 metuS,
1579 663 1641 719 in
1664 663 1932 721 eumdem

242 743 513 814 formidO,
536 742 834 813 timiditas,
856 761 1048 818 pavor,
1073 741 1337 818 ignavia:
1374 761 1511 818 ergo
1544 749 1607 800 ut
1635 742 1790 800 idem
1812 744 1935 800 vin-

242 830 404 880 catur
450 823 742 880 interdum
792 841 897 879 nec
945 828 1113 898 putet
1154 821 1229 879 ad
1270 841 1329 880 se
1373 830 1740 900 praeceptum
1787 822 1935 880 illud

241 903 407 961 Atrei
439 903 724 980 pert-inere
749 921 762 959 :

431 1024 652 1073 Proinde
674 1025 746 1072 ita
769 1033 943 1086 parent
967 1039 1020 1072 se
1043 1024 1094 1072 in
1121 1024 1237 1084 vita,
1264 1031 1317 1072 ut
1340 1024 1471 1072 vinci
1496 1025 1735 1075 nesciant.

241 1145 358 1202 Hic
393 1150 586 1202 autem
616 1144 890 1216 vincetur,
915 1152 983 1201 ut
1011 1144 1149 1216 dixi,
1174 1164 1279 1202 nec
1314 1144 1491 1202 modo
1524 1144 1799 1214 vincetur,
1831 1143 1932 1201 sed

242 1226 417 1283 etiam
451 1224 673 1282 serviet.
760 1224 845 1282 At
871 1244 979 1281 nos
1007 1225 1281 1282 virtutem
1316 1244 1541 1301 semper
1573 1224 1808 1281 liberam
1837 1243 1936 1282 vo-

242 1305 446 1377 lumUS,
499 1323 724 1382 semper
777 1305 1067 1363 invictam.
1146 1304 1305 1374 Quae
1353 1305 1465 1361 nisi
1514 1311 1665 1376 sunt,
1710 1304 1935 1362 sublata

243 1386 422 1442 virtus
463 1393 564 1444 est.
653 1391 744 1443 53.
781 1384 967 1461 Atqui
1001 1385 1049 1441 si
1087 1385 1147 1441 in
1183 1385 1394 1443 virtute
1428 1385 1565 1442 satis
1607 1392 1694 1442 est
1726 1385 1935 1462 praesi-

243 1465 324 1523 dii
353 1466 428 1523 ad
454 1465 600 1523 bene
627 1465 956 1535 vivendum,
982 1466 1119 1521 satis
1153 1472 1239 1521 est
1266 1465 1440 1523 etiam
1472 1464 1544 1521 ad
1570 1464 1753 1522 beate.
1838 1465 1935 1522 Sa-

241 1547 318 1603 tis
347 1553 433 1603 est
459 1546 612 1603 enim
645 1554 795 1604 certe
824 1546 885 1603 in
914 1546 1141 1616 virtute,
1166 1552 1233 1602 ut
1259 1545 1491 1602 fortiter
1512 1545 1782 1602 vivamus
1868 1544 1934 1602 Si

241 1627 488 1697 fortiter,
515 1627 689 1684 etiam
725 1633 790 1683 ut
818 1644 1030 1702 magno
1065 1623 1277 1696 animo,
1310 1631 1369 1682 et
1404 1624 1637 1702 quidem
1680 1631 1745 1682 ut
1778 1624 1935 1682 nulla

241 1726 300 1763 re
329 1726 604 1783 umquam
627 1714 940 1764 terreamur
967 1725 1304 1782 semperque
1333 1706 1513 1762 simus
1540 1705 1756 1762 invicti.
1839 1704 1935 1762 Se-

243 1786 438 1863 quitur
483 1795 548 1844 ut
589 1785 732 1843 nihil
775 1787 1086 1864 poeniteat,
1124 1785 1268 1843 nihil
1311 1784 1477 1857 desit,
1519 1785 1664 1843 nihil
1708 1784 1931 1844 obstet:

242 1886 379 1943 ergo
438 1867 632 1924 omnia
685 1866 1052 1945 profluenter,
1100 1866 1378 1936 absolute,
1422 1886 1707 1943 prospere,
1756 1867 1935 1943 igitur

241 1946 422 2004 beate.
509 1946 662 2005 Satis
695 1955 886 2005 autem
917 1948 1099 2005 virtus
1133 1947 1208 2003 ad
1234 1946 1466 2003 fortiter
1493 1946 1801 2003 vivendum
1833 1966 1935 2023 po-

239 2034 386 2085 test:
447 2028 584 2085 satis
632 2046 769 2105 ergo
819 2028 993 2084 etiam
1043 2027 1116 2084 ad
1165 2026 1346 2085 beate.
1442 2031 1534 2084 54.
1581 2026 1812 2083 Etenim
1863 2034 1931 2083 ut

243 2106 504 2179 stultitia,
537 2108 644 2165 etsi
678 2108 888 2184 adepta
925 2114 1012 2164 est
1047 2107 1203 2183 quod
1237 2106 1586 2183 concupivit,
1616 2126 1932 2184 numquam

243 2207 303 2245 se
336 2194 530 2245 tamen
566 2188 704 2245 satis
745 2194 1109 2245 consecutam
1147 2194 1330 2264 putat,
1363 2188 1443 2243 sic
1478 2187 1759 2264 sapientia
1792 2206 1934 2243 sem-

241 2286 347 2345 per
373 2287 442 2325 eo
477 2275 750 2325 contenta
777 2274 879 2339 est,
905 2267 1062 2345 quod
1085 2268 1263 2338 adest,
1289 2286 1474 2344 neque
1503 2286 1627 2324 eam
1657 2285 1933 2343 umquam

241 2349 329 2404 sui
359 2349 633 2424 poenitet.

322 2427 490 2485 XIX.
551 2427 884 2485 Similemne
925 2435 1097 2505 putas
1138 2426 1203 2485 C.
1236 2426 1413 2485 Laelii
1454 2446 1633 2485 unum
1678 2426 1935 2484 consula-

239 2514 367 2564 tum
396 2507 574 2564 fuisse
609 2513 668 2564 et
695 2526 823 2565 eum
857 2508 1089 2585 quidem
1127 2527 1258 2565 cum
1292 2508 1665 2584 repulsa—si,
1690 2526 1821 2564 cum
1851 2526 1936 2563 sa-

242 2588 406 2663 piens
435 2593 494 2643 et
520 2586 708 2644 bonus
728 2588 830 2659 vir,
857 2588 1039 2664 qualis
1066 2588 1163 2645 ille
1191 2588 1323 2659 fuit,
1350 2587 1637 2664 suffragiis
1666 2586 1936 2663 praeteri-

239 2676 350 2738 tur,
375 2685 494 2723 non
521 2667 770 2744 populus
803 2687 838 2724 a
863 2667 1019 2724 bono
1054 2668 1287 2725 consule
1319 2668 1531 2744 potiuS,
1564 2686 1737 2744 quam
1771 2665 1865 2723 ille
1901 2686 1935 2723 a

239 2766 390 2804 vano
429 2747 648 2825 populo
682 2748 968 2824 repulsam
1003 2746 1300 2804 fert—sed
1333 2756 1528 2804 tamen
1569 2754 1763 2804 utrum
1796 2746 1937 2803 mal-

239 2827 322 2885 les
356 2834 431 2899 te,
464 2828 511 2884 si
545 2835 801 2904 pot-estas
835 2834 998 2898 esset,
1031 2826 1206 2884 semel
1240 2834 1306 2883 ut
1339 2825 1595 2884 Laelium
1640 2826 1959 2886 consulem*

240 2927 314 2965 an
346 2915 410 2965 ut
439 2908 685 2965 Cinnam
716 2908 952 2985 quater?
1035 2914 1129 2965 55.
1176 2906 1310 2964 Non
1345 2906 1550 2963 dubito
1584 2912 1649 2963 tu
1684 2906 1825 2983 quid
1852 2925 1937 2963 re-

241 3007 555 3064 sponsurus
598 2988 705 3045 sis:
753 2989 946 3064 itaque
980 2987 1150 3044 video
1194 2986 1287 3043 cui
1331 2986 1711 3047 committam.
1797 2984 1932 3042 Non

242 3069 502 3143 quemvis
535 3067 645 3124 hoc
679 3067 834 3125 idem
873 3068 1319 3143 interrogarem:
1362 3066 1737 3143 responderet
1778 3065 1934 3122 enim

241 3146 385 3203 alius
417 3147 660 3204 fortasse
693 3166 754 3204 se
786 3166 903 3203 non
943 3147 1121 3203 modo
1153 3152 1424 3223 quattuor
1464 3145 1797 3203 consulatus
1829 3145 1932 3201 uni

241 3232 605 3298 anteponere,
651 3226 752 3283 sed
799 3245 980 3283 unum
1029 3226 1185 3283 diem
1234 3224 1453 3284 Cinnae
1506 3223 1819 3284 multorum
1870 3232 1933 3289 ,et
