2235 3581
277 165 370 209 150
493 159 1086 208 'rcchLANARUM
1132 159 1739 211 DISPUTATIONUM

271 281 394 319 esse
415 261 728 337 antiquam,
749 261 1144 318 verumetiam
1166 261 1441 318 nominc?
1476 281 1621 340 quae
1638 263 1973 320 divinarum

273 341 766 418 humanarumque
807 360 1014 412 rerum,
1043 347 1172 397 tum
1206 342 1507 398 initiorum
1550 362 1974 421 causarumque

271 422 548 497 cuiusque
591 421 673 478 rei
717 421 1052 496 cognitione
1095 420 1207 479 hoc
1252 421 1704 498 pulcherrimum
1750 443 1973 482 nomen

271 501 430 580 apud
449 501 719 578 antiquos
739 501 1173 579 adsequebatur.
1256 501 1461 579 Itaque
1490 510 1548 559 et
1570 503 1699 560 illos
1722 512 1969 580 septem,

273 583 373 660 qui
407 603 442 640 a
467 581 700 640 Graecis
733 587 906 657 σοφοί,
937 583 1226 658 sapientes
1260 603 1293 639 a
1331 583 1545 640 nostris
1588 590 1647 640 et
1678 583 1976 642 habeban-

273 673 368 720 tur
400 671 458 720 et
491 662 955 733 nominabantur,
986 670 1045 721 et
1078 663 1279 719 multis
1311 671 1447 720 ante
1480 664 1720 722 saeculis
1755 664 1974 742 Lycur-

272 763 430 820 gum,
463 743 624 800 cuius
663 743 1024 820 temporibus
1064 742 1359 800 Homerus
1400 744 1577 801 etiam
1617 745 1797 802 fuisse
1832 753 1973 803 ante

275 823 420 880 hanc
452 822 648 880 urbem
683 823 980 880 conditam
1015 823 1281 894 traditur,
1306 831 1365 882 et
1396 824 1511 880 iam
1541 825 1789 882 heroicis
1816 833 1975 882 aeta·

273 902 430 960 tibus
453 902 686 960 Ulixem
717 910 776 960 et
805 903 1110 960 Nestorem
1136 904 1460 982 accepimus
1488 912 1547 961 et
1574 905 1755 962 fuisse
1783 911 1845 962 et
1870 905 1973 962 ha-

273 983 430 1040 bitos
477 1001 598 1040 esse
647 983 950 1058 sapientes,
1039 990 1090 1041 8.
1138 982 1261 1041 Nec
1302 1003 1438 1041 vero
1473 983 1641 1042 Atlas
1684 986 1971 1044 sustinere

273 1062 492 1120 caelum
517 1082 621 1120 nec
645 1062 1027 1121 Prometheus
1047 1063 1271 1122 adfixus
1292 1065 1549 1122 Caucaso
1570 1085 1677 1122 nec
1706 1065 1971 1123 stellatus

274 1143 542 1220 Cepheus
597 1163 730 1200 cum
787 1162 979 1215 uxore,
1026 1164 1256 1221 genem,
1304 1144 1423 1202 filia
1468 1146 1804 1216 traderetur,
1853 1147 1972 1202 nisi

274 1224 604 1281 caelestium
636 1224 832 1281 divina
859 1225 1117 1301 cognitio
1147 1244 1359 1282 nomen
1390 1245 1589 1283 eorum
1618 1225 1692 1282 ad
1714 1245 1970 1283 errorem

273 1303 503 1362 fabulae
523 1305 884 1362 traduxisset.
943 1304 998 1361 A
1019 1305 1228 1383 quibus
1256 1306 1417 1363 ducti
1446 1306 1715 1382 deinceps
1743 1325 1969 1376 omneS,

275 1385 376 1462 qui
409 1384 469 1442 in
505 1404 694 1442 rerum
730 1385 1219 1462 contemplatione
1252 1385 1444 1443 studia
1474 1385 1787 1463 ponebant,
1820 1387 1981 1463 sapi--

275 1472 437 1523 entes
472 1473 532 1523 et
571 1465 930 1523 habebantur
970 1473 1028 1523 et
1061 1465 1525 1537 nominabantur,
1556 1466 1731 1543 idque
1764 1485 1970 1524 eorum

275 1565 488 1604 nomen
511 1566 690 1624 usque
713 1547 786 1603 ad
808 1545 1174 1622 Pythagorae
1202 1547 1459 1603 manavit
1486 1553 1750 1615 aetat-em,
1773 1565 1970 1624 quem,

277 1633 342 1683 ut
376 1627 576 1684 scribit
617 1627 848 1684 auditor
887 1626 1149 1683 Platonis
1182 1626 1463 1684 Ponticus
1496 1626 1849 1698 Heraclides,
1884 1629 1975 1685 vir

277 1707 483 1764 doctus
517 1708 576 1764 in
609 1707 828 1783 primiS,
861 1706 1197 1763 Phliuntem
1232 1707 1429 1764 ferunt
1462 1707 1685 1764 venisse
1716 1727 1973 1784 eumque

277 1808 407 1844 cum
443 1786 678 1858 Leonte,
709 1787 969 1865 principe
1003 1786 1408 1857 Phliasiorum,
1433 1787 1603 1845 docte
1638 1796 1699 1845 et
1730 1789 1972 1867 copiose

277 1868 608 1925 disseruisse
655 1868 951 1945 quaedam.
1021 1867 1201 1925 Cuius
1248 1868 1546 1945 ingenium
1597 1877 1657 1926 et
1701 1868 1973 1946 eloquen-

276 1949 418 2005 tiam
462 1968 593 2006 cum
636 1949 952 2005 admiratus
992 1955 1141 2005 esset
1182 1948 1357 2019 Leon,
1396 1948 1740 2026 quaesivisse
1782 1969 1854 2007 ex
1899 1958 1971 2007 eo

279 2049 392 2107 qua
418 2030 668 2087 maxime
696 2036 816 2086 arte
845 2028 1191 2086 confideret:
1236 2035 1297 2085 at
1324 2028 1487 2085 illum
1518 2036 1697 2087 artem
1730 2029 1971 2106 quidem

279 2130 338 2167 sc
373 2110 514 2167 scire
548 2109 781 2180 nullam,
807 2109 908 2165 sed
941 2128 1062 2165 esse
1091 2107 1523 2185 philosophum.
1594 2108 1969 2167 Admiratum

280 2190 557 2248 Leontem
590 2190 906 2247 novitatem
949 2189 1203 2245 nominis
1238 2189 1581 2266 quaesivisse
1616 2190 1851 2266 quinam
1888 2211 1975 2247 es-

279 2278 405 2329 sent
433 2270 768 2348 philosophi
795 2276 855 2327 et
885 2269 1024 2346 quid
1054 2269 1205 2326 inter
1238 2288 1336 2327 eos
1365 2276 1423 2326 et
1457 2270 1706 2346 reliquos
1734 2269 1975 2327 interes-

279 2359 380 2420 set,
420 2359 471 2409 9.
505 2351 898 2427 Pythagoram
937 2357 1131 2407 autcm
1170 2350 1531 2426 respondisse
1570 2348 1815 2405 similem
1858 2351 1975 2408 sibi

281 2432 460 2489 videri
495 2432 672 2489 vitam
707 2431 1008 2487 hominum
1049 2438 1107 2486 et
1139 2436 1455 2488 mercatum
1490 2449 1639 2500 eum,
1666 2430 1766 2506 qui
1799 2430 1977 2489 habe-

281 2524 436 2568 retur
463 2512 717 2568 maximo
739 2510 1004 2568 ludorum
1029 2518 1307 2587 appara-tu
1335 2510 1515 2567 totius
1536 2510 1808 2567 Graeciae
1830 2511 1977 2569 cele-

280 2592 522 2649 britate:
567 2611 697 2648 nam
741 2597 808 2648 ut
841 2590 955 2647 illic
990 2591 1086 2647 alii
1122 2590 1459 2667 corporibus
1492 2590 1816 2647 exercitatis
1850 2591 1975 2667 glo-

279 2672 422 2729 riam
452 2679 510 2729 et
537 2671 898 2728 nobilitatem
928 2690 1173 2727 coronae
1194 2678 1471 2746 peterent,
1496 2670 1593 2727 alii
1616 2670 1849 2727 emendi
1870 2679 1975 2728 aut

280 2753 566 2810 vendendi
611 2759 849 2829 quaestu
892 2759 950 2808 ct
994 2752 1150 2807 lucro
1193 2751 1551 2820 ducerentur,
1584 2757 1733 2807 esset
1773 2759 1972 2808 autem

282 2833 570 2912 quoddam
603 2852 784 2910 genus
813 2851 1008 2889 eorum
1041 2832 1213 2908 idque
1236 2830 1322 2887 vel
1352 2831 1601 2887 maxime
1630 2830 1971 2905 ingenuum,

283 2916 382 2992 qui
417 2934 520 2972 nec
551 2914 812 2992 plausum
851 2931 954 2968 nec
987 2912 1208 2968 lucrum
1240 2917 1589 2987 quaererent,
1616 2910 1717 2967 sed
1745 2910 1977 2969 visendi

281 3014 450 3051 causa
480 2995 739 3051 venirent
773 2992 1139 3066 studioseque
1181 2990 1570 3065 perspicerent
1605 2990 1747 3066 quid
1780 3011 1977 3067 agere-
2026 3040 2033 3046 .

281 3081 376 3129 tur
404 3081 462 3130 et
492 3093 606 3149 quo
641 3072 835 3139 mod0,
861 3071 997 3125 item
1033 3088 1139 3124 nos
1170 3071 1329 3143 quasi
1365 3070 1425 3124 in
1459 3078 1744 3127 mercatus
1774 3090 1975 3147 quam-

281 3152 412 3206 dam
437 3152 820 3207 celebritatem
849 3168 914 3203 οι(
940 3146 1077 3202 urbe
1105 3147 1297 3222 aliqua
1324 3148 1405 3203 sic
1434 3148 1491 3203 in
1524 3148 1671 3205 hanc
1694 3149 1975 3209 vit-am⁴ex

282 3228 389 3283 alia
413 3230 528 3283 vita
551 3236 607 3284 et
632 3249 651 3283 ι
671 3236 830 3283 atur-a
853 3226 1145 3301 profectos
1174 3225 1315 3282 alios
1335 3226 1551 3301 gloriae
1574 3229 1800 3301 servire,
1826 3230 1993 3297 alios
