2235 3581
249 120 311 167 18
469 117 516 165 Τ
523 116 1059 178 USCULANARUM
1101 115 1645 170 DISPUTATIONU
1646 116 1707 165 M

245 218 523 276 ferebant.
609 223 702 276 38..
749 216 947 294 Magni
1003 224 1197 278 autem
1252 226 1340 277 est
1392 219 1613 295 ingenii
1668 237 1937 279 sevocare

245 305 501 356 mentem
529 317 564 356 a
591 297 850 356 sensibus
877 308 936 356 61
964 299 1381 377 cogitationem
1412 299 1485 356 ab
1513 299 1935 358 consuetudine

243 378 540 436 abducere.
627 378 718 434 Ita
759 398 830 436 ue
848 379 1018 437 credo
1038 378 1305 456 equidem
1329 379 1504 436 etiam
1532 378 1675 435 alios
1703 385 1793 436 tot
1816 399 1937 438 sae-

244 459 403 530 culiS,
430 459 546 529 sed,
569 458 727 536 quod
777 456 863 536 in]
888 459 1094 516 litteris
1117 465 1318 530 exstet,
1342 458 1705 535 Pherecydes
1728 458 1934 535 Syrius

243 539 496 615 primum
526 538 675 595 dixit
696 539 919 596 animos
941 558 1061 596 esse
1082 538 1386 595 hominum
1417 539 1813 615 sempiternOS,
1834 559 1935 596 an-

243 618 440 695 tiquus
469 637 635 676 sane:
679 619 795 676 fuit
823 619 977 676 enim
998 638 1131 676 meo
1154 626 1427 695 regnante
1454 617 1673 695 gentili.
1758 617 1932 678 Hanc

243 699 577 776 opinionem
609 699 920 775 discipulus
954 700 1091 769 eiuS,
1112 699 1491 775 PythagoraS,
1518 698 1768 755 maxime
1798 718 1932 755 con-

241 777 523 837 firmavit:
569 780 668 856 qui
703 798 833 836 cum
879 778 1140 856 Superbo
1175 785 1449 856 regnante
1481 779 1542 835 in
1577 776 1804 835 Italiam
1838 799 1932 836 ve-

240 859 434 930 nisset,
467 859 654 916 tenuit
696 878 965 936 magnam
1003 858 1159 915 illam
1199 857 1491 915 Graeciam
1538 877 1671 914 cum
1707 857 1931 916 honore

241 937 575 1015 disciplinae
608 945 733 996 tum
769 939 942 996 etiam
985 938 1343 1008 auctoritate,
1379 937 1672 1014 multaque
1707 938 1931 995 saecula

241 1025 443 1094 postea
484 1019 564 1076 sic
607 1019 793 1095 viguit
848 1018 1347 1096 Pythagoreorum
1408 1036 1639 1089 nomen,
1670 1024 1737 1074 ut
1784 1017 1929 1075 nulli

239 1097 337 1155 alii
367 1098 524 1155 docti
548 1099 887 1159 viderentur.

321 1178 520 1237 XVII,
566 1178 682 1236 Sed
703 1178 874 1236 redeo
897 1178 969 1235 ad
999 1178 1281 1255 antiquos
1367 1176 1676 1234 Rationem
1698 1177 1783 1234 illi
1806 1197 1929 1235 sen-

239 1259 455 1316 tentiae
489 1278 621 1316 suae
655 1278 772 1315 non
814 1259 937 1315 fere
977 1257 1311 1329 reddebant,
1343 1257 1453 1313 nisi
1489 1257 1630 1334 quid
1664 1264 1785 1314 erat
1825 1278 1928 1315 nu-

239 1339 410 1395 meris
444 1346 544 1396 aut
578 1337 1060 1414 descriptionibus
1095 1337 1514 1414 explicandum.
1604 1343 1695 1394 39.
1734 1337 1927 1395 Plato-

239 1437 372 1474 nem
405 1419 616 1489 fernnt,
654 1425 722 1474 ut
754 1417 1153 1494 Pythagoreos
1187 1423 1571 1494 cognosceret,
1603 1417 1663 1474 in
1698 1416 1925 1474 Italiam

239 1499 460 1556 venisse
494 1505 553 1557 et
587 1498 853 1557 didicisse
899 1497 1271 1574 Pythagorea
1317 1497 1527 1568 omnia,
1558 1497 1925 1574 primumque

238 1578 312 1635 de
353 1579 678 1636 animorum
721 1579 1057 1637 aeternitate
1101 1596 1218 1634 non
1266 1576 1452 1634 solum
1488 1577 1727 1634 sensisse
1769 1577 1925 1635 idem

240 1659 397 1734 quod
455 1659 867 1736 Pythagoram,
921 1658 1022 1716 sed
1080 1658 1362 1718 rationem
1418 1657 1593 1714 etiam
1648 1657 1921 1716 attulisse.

239 1737 444 1811 Quam,
468 1740 578 1796 nisi
597 1739 738 1817 quid
759 1738 918 1811 dicis,
940 1738 1463 1814 praetermittamus
1485 1744 1544 1796 et
1570 1737 1716 1797 hanc
1739 1744 1921 1796 totam

239 1838 400 1895 spem
430 1820 878 1877 immortalitatis
906 1817 1311 1895 relinquamus

320 1898 392 1956 A.
428 1899 526 1956 An
567 1906 648 1971 tu,
686 1896 818 1956 cu‘m
858 1918 952 1956 me
993 1899 1053 1955 in
1104 1918 1390 1956 summam
1436 1898 1923 1975 exspectationem

239 1978 558 2052 adduxeris,
611 1979 860 2037 deseris?
939 1978 1143 2036 Errare
1198 1979 1522 2037 mehercule
1575 1979 1729 2037 malo
1790 1999 1923 2037 cum

239 2058 497 2131 Platone,
524 2079 694 2137 quem
729 2066 792 2117 tu
824 2060 1024 2137 quanti
1056 2059 1235 2116 facias
1270 2060 1389 2117 scio
1424 2066 1484 2117 et
1518 2078 1687 2136 quem
1719 2079 1787 2117 ex
1817 2066 1920 2117 tuo

240 2158 336 2196 ore
365 2140 630 2210 admiror,
653 2159 826 2217 quam
855 2159 988 2197 611111
1016 2140 1143 2198 istis
1172 2159 1305 2198 vera
1332 2140 1557 2197 sentire.

320 2224 413 2277 40.
459 2219 537 2277 M.
569 2220 756 2278 Macte
777 2221 1022 2279 virtute!
1065 2239 1175 2297 ego
1210 2220 1365 2277 enim
1398 2220 1523 2295 ipse
1556 2238 1687 2277 cum
1718 2219 1921 2282 eodem

237 2300 350 2357 isto
381 2320 498 2357 non
527 2301 740 2358 invitus
763 2302 1080 2359 erraverim.
1167 2300 1327 2357 Num
1354 2299 1533 2377 igitur
1554 2299 1922 2358 dubitamus?

238 2399 311 2437 an
333 2381 430 2453 sic,
452 2387 517 2439 ut
538 2380 844 2458 pleraque',²
878 2400 1226 2458 quamquam
1249 2380 1361 2437 hoc
1385 2380 1619 2457 quidem
1646 2381 1919 2438 minime:

237 2461 582 2536 persuadent
609 2461 762 2518 enim
790 2461 1185 2519 mathematici
1211 2468 1421 2518 terram
1449 2460 1508 2517 in
1537 2460 1732 2517 medio
1761 2480 1925 2518 mun-

237 2540 316 2597 do
359 2540 528 2597 sitam
563 2541 635 2598 ad
667 2541 916 2598 universi
949 2541 1089 2599 caeli
1124 2539 1490 2617 complexum
1526 2541 1687 2617 quasi
1720 2540 1922 2617 puncti

237 2620 418 2678 instar
451 2620 724 2692 obtinere,
751 2621 907 2697 quod
941 2623 1160 2697 κέντρον
1194 2621 1278 2677 1111
1312 2628 1553 2678 vocant:
1590 2640 1717 2677 63111
1750 2640 1922 2697 porro

238 2706 502 2757 naturam
530 2719 650 2759 esse
681 2707 952 2778 quattuor
979 2702 1176 2758 omnia
1202 2702 1568 2779 gignentium
1598 2719 1919 2777 corporum,

238 2786 321 2851 111,
343 2780 504 2857 quasi
531 2780 743 2857 partita
769 2780 1018 2839 habeant
1046 2782 1197 2839 inter
1224 2802 1283 2839 se
1312 2800 1376 2839 ac
1399 2781 1583 2838 divisa
1608 2787 1921 2851 momenta,

238 2866 465 2917 terrena
505 2868 564 2918 et
604 2861 845 2917 humida
885 2868 1092 2938 suopte
1134 2869 1280 2919 nutu
1315 2868 1374 2918 et
1416 2880 1519 2918 suo
1562 2860 1816 2938 pondere
1850 2860 1925 2917 ad

239 2959 403 3016 pares
425 2940 666 3017 angulos
694 2942 753 2997 in
782 2948 991 2998 terram
1022 2949 1080 2998 et
1107 2942 1169 2998 in
1197 2960 1352 2998 mare
1376 2942 1649 3011 ferantur,
1674 2940 1923 3017 reliquae

239 3019 386 3077 duae
429 3028 634 3097 parteS,
676 3040 788 3077 una
827 3022 1011 3097 ignea,
1049 3021 1227 3077 altera
1259 3020 1537 3090 animalia
1574 3028 1640 3076 ut
1674 3020 1803 3077 illae
1836 3039 1925 3076 su-

240 3100 490 3175 periores
518 3100 578 3157 in
607 3100 863 3157 medium
900 3100 1090 3157 locum
1126 3100 1329 3156 mundi
1358 3100 1637 3175 gravitate
1665 3099 1925 3156 ferantur

241 3184 300 3234 et
327 3179 596 3253 pondere,
627 3178 709 3235 sic
741 3177 849 3235 hae
882 3198 1104 3235 rursum
1142 3179 1309 3234 rectis
1339 3178 1503 3235 lineis
1531 3179 1591 3235 in
1621 3178 1921 3235 caelestem
