2235 3581
783 181 936 232 LIB.
969 182 1096 245 111.‚
1130 181 1287 234 CAP.
1319 183 1501 234 1.-1V.
1928 186 1989 234 81

300 283 496 344 :odiosi
523 290 674 356 sunt,
695 285 854 362 quod
874 284 950 342 ad
975 285 1235 342 animum
1256 285 1547 362 pertinent
1568 303 1815 362 eumque
1844 285 1995 343 solli-

308 367 507 438 citant,
526 365 880 442 animusque
902 383 1080 438 aeyer,
1104 372 1173 422 ut
1200 365 1282 422 ait
1316 365 1553 436 Ennius,
1578 383 1792 440 semper
1819 374 1989 437 errat,

306 466 482 519 ‘neque
520 445 654 520 pati
691 464 866 518 neque
901 444 1123 518 perpeti
1162 453 1388 518 potest:
1438 463 1635 518 cupere
1672 465 1992 519 numquam

307 526 529 583 desinit.
607 524 830 594 Quibus
871 525 1100 582 duobus
1141 525 1373 596 morbiS‚
1411 532 1479 582 ut
1520 526 1785 582 omittam
1829 525 1989 596 alios,

308 605 665 682 aegritudine
694 613 752 663 et
780 605 1095 682 cupiditate
1126 605 1225 682 qui
1252 604 1486 662 tandem
1516 613 1757 681 possunt
1784 605 1845 663 in
1874 625 1994 662 cor-

305 705 448 763 pore
476 703 596 743 esse
623 686 946 762 graviores?
1015 684 1131 753 Qui
1155 703 1288 742 vero
1310 685 1539 762 probari
1562 693 1772 763 potest,
1796 692 1861 742 ut
1882 685 1991 742 sibi

307 765 524 823 mederi
568 767 794 823 animus
837 784 955 822 non
1000 765 1202 843 possit,
1238 784 1369 822 cum
1416 765 1601 841 ipsam
1646 766 1990 822 medicinam

307 846 564 922 corporis
595 847 822 904 animus
858 846 1143 903 invenerit
1172 865 1421 922 cumque
1462 845 1537 902 ad
1570 865 1874 922 corporum
1910 865 1993 902 sa-

307 927 601 984 nationem
634 926 884 983 multum
917 926 1044 1002 ipsa
1076 945 1317 1002 corpora
1349 933 1407 982 et
1441 933 1643 983 natura
1670 925 1854 983 valeat
1886 945 1991 982 ncc

307 1025 524 1076 omneS,
550 1006 650 1083 qui
681 1007 866 1064 curari
899 1025 960 1062 se
994 1006 1149 1083 passi
1182 1006 1314 1076 sint,
1346 1005 1621 1064 continuo
1656 1006 1831 1063 etiam
1860 1025 1992 1063 con-

307 1085 608 1157 valescant,
639 1087 818 1143 animi
845 1093 1056 1157 autem,
1081 1086 1183 1162 qui
1218 1105 1279 1142 se
1311 1083 1497 1143 sanari
1524 1085 1809 1143 voluerint
1835 1105 1993 1164 prae-

307 1166 602 1244 ceptisque
630 1167 976 1243 sapientium
1005 1166 1315 1243 paruerint,
1342 1167 1463 1223 sine
1492 1165 1607 1224 ulla
1628 1166 1991 1224 dubitatione

307 1249 612 1304 sanentur?
695 1253 747 1304 6.
793 1245 900 1304 Est
942 1246 1208 1323 profecto
1251 1245 1430 1303 animi
1471 1246 1771 1319 medicina,
1808 1246 1993 1325 philo-

307 1327 528 1404 sophia,
561 1327 732 1384 ‘cuius
787 1327 1063 1384 auxilium
1107 1345 1227 1383 non
1269 1334 1335 1383 ut
1376 1327 1437 1383 in
1479 1328 1734 1403 corporis
1774 1327 1992 1384 morbis

307 1407 622 1485 petendum
665 1415 752 1464 est
792 1407 952 1478 foris,
991 1405 1373 1483 omnibusque
1416 1406 1623 1483 opibus
1664 1407 1895 1478 viribus,
1925 1414 1993 1464 ut

307 1494 536 1544 nosmet
555 1487 667 1565 ipsi
689 1487 857 1545 nobis
880 1486 1096 1544 mederi
1125 1487 1429 1563 possimus,
1454 1486 1859 1545 elaborandum
1886 1495 1987 1544 est.

303 1567 669 1645 Quamquam
699 1567 772 1625 de
799 1568 1064 1625 universa
1089 1566 1473 1644 philosophia,
1496 1574 1715 1644 quanto
1740 1586 1911 1644 opere
1933 1574 1993 1624 et

307 1647 628 1723 expetenda
654 1657 803 1706 esset
831 1654 892 1706 et
917 1647 1175 1717 colenda,
1200 1647 1354 1717 sat-i3‚
1379 1653 1447 1704 ut
1478 1646 1739 1718 arbitror,
1769 1646 1991 1705 dictum

305 1736 394 1786 est
416 1729 475 1785 in
499 1728 829 1787 Hortensio,
902 1728 994 1786 De
1014 1727 1282 1785 maximis
1302 1735 1495 1784 autem
1519 1727 1687 1785 rebus
1706 1727 1851 1785 nihil
1870 1727 1991 1785 fere

307 1809 719 1867 intermisimus
746 1817 947 1888 postea
968 1828 1072 1867 nec
1093 1809 1387 1887 disputare
1408 1828 1514 1866 nec
1542 1808 1801 1866 scribere.
1878 1808 1992 1865 His

305 1896 496 1947 autem
534 1889 694 1947 libris
727 1890 990 1967 exposita
1021 1896 1157 1946 sunt
1188 1908 1271 1960 ea,
1304 1908 1449 1967 quae
1482 1909 1517 1946 a
1548 1889 1716 1946 nobis
1750 1909 1881 1946 cum
1908 1890 1993 1946 fa-

303 1969 624 2027 miliaribus
651 1971 862 2027 nostris
890 1970 950 2026 in
972 1968 1297 2028 Tusculano
1318 1976 1481 2027 erant
1502 1970 1809 2047 disputata.
1876 1970 1993 2027 Sed

307 2050 581 2126 quoniam
610 2049 837 2107 duobus
870 2050 1258 2127 superioribus
1292 2049 1363 2107 de
1391 2057 1579 2107 morte
1607 2057 1667 2107 et
1694 2050 1767 2107 de
1795 2049 1991 2108 dolore

303 2130 526 2187 dictum
557 2137 658 2201 est,
678 2131 884 2188 tertius
899 2130 1034 2188 'dies
1061 2129 1473 2208 disputationis
1499 2130 1611 2188 hoc
1638 2131 1875 2193 tertium
1898 2151 1993 2188 vo-

304 2210 498 2268 lumen
529 2210 752 2269 efficiet.
839 2211 890 2267 7.
927 2210 1016 2269 Ut
1049 2211 1205 2268 enim
1239 2210 1301 2267 in
1328 2210 1707 2268 Academiam
1734 2218 1989 2268 nostram

305 2290 706 2348 descendimus
745 2289 1020 2348 inclinato
1053 2291 1171 2347 iam
1204 2291 1264 2347 in
1299 2291 1817 2368 postmeridianum
1850 2299 1993 2348 tem-

305 2390 416 2447 pus
443 2372 552 2442 die,
573 2373 815 2448 poposci
845 2390 1043 2429 eorum
1065 2372 1333 2449 aliquem,
1358 2372 1459 2449 qui
1488 2370 1740 2442 aderant,
1763 2390 1989 2428 causam

303 2450 638 2509 disserendi.
716 2451 866 2509 Tum
897 2470 986 2509 res
1013 2458 1142 2509 acta
1170 2452 1251 2508 sic
1280 2458 1381 2509 est.

387 2530 490 2590 IV.
564 2532 636 2589 A.
670 2531 922 2590 Videtur
953 2531 1099 2588 mihi
1134 2531 1335 2589 cadere
1368 2532 1430 2588 in
1464 2531 1781 2609 sapientem
1816 2532 1992 2609 aegri-

303 2611 464 2669 tudo.
1057 2652 1064 2657 -

386 2690 464 2749 M.
497 2691 654 2749 Num
676 2691 925 2769 reliquae
943 2710 1175 2769 quoquc
1191 2691 1649 2769 perturbationes
1665 2691 1860 2763 animi,
1878 2692 1993 2749 for-

303 2771 569 2842 midinem,
593 2771 880 2841 libidines,
903 2771 1263 2829 iracundiae?
1344 2771 1507 2829 Haec
1535 2772 1691 2830 enim
1714 2773 1835 2830 fere
1858 2780 1991 2829 sunt

305 2852 430 2908 eius
462 2852 622 2909 modi
647 2872 792 2929 quae
810 2851 1016 2909 Graeci
1044 2850 1201 2920 πάθη
1230 2852 1555 2929 appellant:
1600 2872 1708 2929 ego
1730 2860 1990 2930 poteram

304 2932 540 2989 morbos
567 2942 624 2991 et
657 2934 721 2991 id
749 2932 986 2990 verbum
1021 2939 1170 2989 esset
1198 2951 1228 2989 e
1253 2932 1442 3003 verb0,
1468 2933 1569 2989 sed
1602 2934 1663 2990 in
1693 2940 1992 2990 consuetu-

307 3011 500 3070 dinem
524 3021 776 3070 nostram
803 3032 920 3070 non
939 3012 1179 3069 caderet.
1248 3012 1398 3069 Nam
1420 3013 1692 3084 misereri,
1717 3012 1987 3082 invidere,

305 3093 532 3168 gestire,
558 3094 771 3165 laetari,
795 3092 936 3150 haec
965 3091 1163 3149 omnia
1193 3092 1427 3149 morbos
1448 3092 1653 3150 Graeci
1681 3093 1987 3170 appellant,

307 3180 500 3230 motus
532 3174 712 3231 animi
745 3173 954 3233 rationi
996 3190 1112 3229 non
1149 3171 1626 3249 obtemperanteS‚
1658 3192 1764 3229 nos
1796 3181 1987 3230 autem

305 3252 414 3311 hos
446 3253 678 3313 eosdem
715 3260 908 3311 motus
940 3252 1215 3310 concitati
1250 3252 1429 3309 animi
1462 3258 1631 3323 recte,
1666 3259 1730 3309 ut
1764 3253 1986 3329 opinor,
