2235 3581
241 168 301 214 14
460 164 1052 217 TUSCULANARUM
1097 165 1262 216 DISP
1269 165 1698 217 UTATIONUM

320 268 458 326 XII.
547 273 638 324 26.
674 265 748 324 A.
785 267 1025 344 Expone
1072 267 1267 344 igitur,
1303 269 1416 327 nisi
1458 269 1769 327 molestum
1817 275 1938 342 est,-

238 349 508 427 primum,
546 347 595 404 si
635 354 817 424 poteS,
854 348 1077 405 animos
1120 367 1411 406 remanere
1458 356 1594 426 post
1639 356 1922 407 mortem:

237 438 383 500 tum,
416 430 465 486 si
500 429 690 486 minus
722 428 786 485 id
820 427 1277 487 obtinebis—est
1310 429 1462 486 enim
1498 429 1925 487 arduum—do-

240 510 394 567 cebis
428 528 615 566 carere
661 509 820 565 omni
866 507 1019 566 malo
1068 516 1333 566 mortem.
1418 509 1546 586 Ego
1581 511 1735 567 enim
1775 510 1924 567 istuc

239 590 432 666 ipsum
459 609 657 646 vereor
689 608 763 646 ne
794 589 1010 645 malum
1054 589 1145 661 sit,
1177 609 1294 646 non
1331 589 1460 647 dico
1503 608 1691 647 carere
1735 609 1922 662 sensu,

240 669 341 727 sed
370 669 673 726 carendum
706 688 841 726 esse.

322 749 399 807 M.
437 749 790 806 Auctoribus
813 749 1045 825 quidem
1074 749 1150 806 ad
1177 749 1346 806 istam
1369 750 1728 821 sententiam,
1751 769 1924 828 quam

240 831 327 886 vis
356 828 619 899 obtineri,
640 829 728 885 uti
757 829 993 906 optimis
1020 848 1342 906 possumUS,
1376 830 1532 906 quod
1564 830 1626 886 in
1655 830 1926 887 omnibus

242 910 425 966 causis
454 916 511 966 et
544 908 717 966 debet
749 916 809 966 et
840 909 986 967 solet
1005 909 1191 967 valere
1223 908 1554 986 plurimum,
1579 916 1638 967 et
1670 911 1924 986 primum

244 989 476 1067 quidem
500 989 660 1046 omni
682 989 1041 1066 antiquitate,
1068 1009 1212 1067 quae
1241 1009 1356 1066 quo
1377 991 1616 1066 propius
1637 991 1831 1048 aberat
1851 989 1926 1048 ab

242 1077 374 1128 ortu
402 1077 462 1128 et
490 1069 685 1126 divina
711 1070 1002 1146 progenie,
1026 1069 1138 1128 hoc
1171 1070 1376 1127 melius
1405 1089 1472 1128 ea
1497 1070 1758 1143 fortasse,
1781 1089 1926 1148 quae

242 1156 405 1208 erant
426 1170 573 1220 vera,
598 1149 879 1208 cernebat.

325 1229 417 1288 27.
464 1230 665 1307 Itaque
709 1249 891 1287 unum
936 1229 1080 1290 illud
1123 1236 1243 1287 erat
1282 1230 1520 1288 insitum
1559 1231 1760 1308 priscis
1793 1231 1922 1302 illis,

244 1330 389 1388 quos
421 1330 602 1367 cascos
635 1310 885 1388 appellat
917 1310 1156 1382 EnniuS,
1187 1329 1308 1368 esse
1356 1311 1417 1367 in
1463 1317 1649 1368 morte
1695 1330 1922 1369 sensum

242 1410 428 1468 neque
462 1411 693 1448 excessu
714 1391 865 1448 vitae
900 1391 980 1448 sic
1014 1391 1189 1448 deleri
1223 1391 1536 1462 hominem,
1561 1398 1627 1448 ut
1659 1391 1926 1448 funditus

243 1472 532 1528 interiret:
578 1471 752 1549 idque
793 1491 925 1528 cum
958 1470 1159 1528 multis
1197 1470 1322 1528 aliis
1361 1471 1532 1528 rebus
1564 1478 1689 1528 tum
1720 1491 1750 1528 e
1783 1491 1926 1546 pon-

242 1551 421 1609 tificio
456 1553 577 1609 iure
612 1559 670 1610 et
704 1571 735 1609 e
768 1551 1130 1608 caerimoniis
1165 1551 1556 1630 sepulcrorum,
1577 1551 1834 1628 intellegi
1861 1551 1926 1608 li-

244 1639 349 1703 cet,
376 1651 515 1709 quas
537 1632 801 1689 maximis
822 1631 1069 1708 ingeniis
1089 1632 1337 1708 praediti
1363 1650 1468 1689 nec
1494 1639 1660 1689 tanta
1679 1651 1814 1689 cura
1834 1651 1926 1689 co-

243 1713 482 1770 luissent
510 1731 614 1769 nec
636 1712 875 1769 violatas
902 1718 1024 1768 tam
1052 1710 1386 1788 inexpiabili
1414 1712 1690 1789 religione
1713 1713 1926 1769 sanxis-

245 1801 387 1863 sent,
424 1794 535 1850 nisi
567 1793 823 1850 haereret
864 1792 924 1848 in
960 1812 1159 1849 eorum
1201 1793 1492 1851 mentibus
1525 1800 1771 1851 mortem
1805 1813 1925 1851 non

244 1874 541 1931 interitum
572 1892 691 1929 esse
726 1873 921 1929 omnia
953 1872 1252 1931 tollentem
1287 1881 1460 1950 atque
1495 1873 1799 1945 delentem,
1825 1873 1926 1932 sed

248 1952 556 2030 quamdam
611 1953 772 2030 quasi
826 1952 1230 2029 migrationem
1297 1955 1925 2031 commutationemque

244 2034 413 2104 vitae,
446 2052 589 2110 quae
631 2034 690 2089 in
724 2032 888 2090 claris
922 2034 1057 2090 viris
1092 2041 1152 2092 et
1183 2034 1417 2091 feminis
1451 2033 1568 2091 dux
1609 2035 1669 2091 in
1705 2035 1924 2112 cael-um

247 2113 451 2171 soleret
485 2133 620 2184 esse,
652 2114 713 2169 in
744 2113 945 2171 ceteris
977 2113 1144 2170 humi
1178 2114 1516 2171 retineretur
1549 2121 1607 2171 et
1635 2133 1928 2192 permane-

246 2201 333 2251 ret
360 2201 569 2251 tamen.
656 2200 749 2251 28.
787 2194 875 2250 Ex
894 2192 1006 2251 hoc
1028 2200 1087 2250 et
1107 2201 1436 2251 nostrorum
1459 2195 1734 2271 opinione
1765 2195 1798 2221 ‘⁴
1814 2194 1927 2251 Ro-

245 2274 435 2332 mulus
462 2274 521 2332 in
546 2274 701 2331 caelo
724 2293 855 2331 cum
878 2274 967 2330 dis
988 2274 1110 2350 agit
1139 2274 1395 2346 aevom,''
1425 2281 1492 2331 ut
1519 2275 1709 2331 famae
1731 2274 1928 2331 adsen-

247 2356 396 2412 tiens
417 2355 565 2411 dixit
586 2355 821 2425 EnniuS,
842 2360 901 2411 et
917 2354 1073 2430 apud
1093 2353 1342 2411 Graecos
1364 2354 1612 2431 indeque
1633 2355 1928 2432 perlapsus

248 2435 319 2492 ad
345 2454 455 2492 nos
483 2443 541 2492 et
568 2453 748 2511 usque
777 2434 850 2491 ad
872 2434 1166 2493 Oceanum
1196 2434 1474 2491 Hercules
1501 2440 1698 2492 tantus
1721 2442 1778 2492 et
1805 2442 1925 2492 tam

247 2534 511 2592 praesens
564 2514 807 2571 habetur
852 2514 1025 2571 deus:
1084 2515 1218 2572 hinc
1274 2514 1445 2571 Liber
1499 2514 1724 2572 Semela
1758 2522 1929 2572 natus

248 2595 560 2672 eademque
593 2595 781 2652 famae
815 2594 1142 2653 celebritate
1169 2595 1534 2671 Tyndaridae
1573 2595 1796 2666 fratreS,
1829 2596 1928 2672 qui

248 2695 364 2732 non
393 2676 570 2732 modo
599 2676 889 2752 adiutores
922 2676 981 2732 in
1016 2676 1250 2753 proeliis
1282 2676 1553 2733 victoriae
1585 2676 1789 2753 populi
1817 2676 1930 2733 Ro-

247 2756 421 2825 mani,
458 2755 558 2813 sed
599 2756 774 2813 etiam
815 2756 1011 2813 nuncii
1052 2756 1231 2813 fuisse
1273 2756 1660 2832 perhibentur.
1738 2754 1930 2824 Quid?

250 2835 357 2893 Ino
386 2835 593 2893 Cadmi
626 2835 743 2893 filia
776 2855 966 2893 nonne
996 2837 1269 2893 Λευκοθέα
1302 2837 1600 2894 nominata
1633 2856 1667 2893 a
1699 2836 1930 2894 Graecis

250 2916 472 2974 Matuta
498 2916 745 2974 habetur
773 2936 807 2973 a
838 2916 1085 2973 nostris?
1152 2916 1347 2985 Quid?
1381 2924 1572 2975 totum
1603 2936 1782 2995 prope
1810 2936 1930 2975 cae-

249 2997 386 3068 lum,
410 3017 483 3055 ne
504 2997 696 3074 plures
716 3016 1036 3073 persequar,
1062 3015 1253 3053 nonne
1274 2997 1529 3055 humano
1550 3017 1757 3075 genere
1779 3017 1931 3055 com-

249 3077 470 3155 pletum
512 3078 635 3135 est?
716 3076 885 3133 XIII.
960 3082 1051 3133 29.
1098 3076 1162 3133 Si
1197 3097 1330 3134 vero
1373 3079 1610 3135 scrutari
1640 3085 1832 3136 vetera
1873 3085 1931 3136 et

252 3178 319 3215 ex
342 3159 413 3215 iis
431 3178 511 3228 ea,
535 3176 679 3234 quae
702 3157 1005 3233 scriptores
1026 3156 1297 3214 Graeciae
1321 3158 1715 3233 prodiderunt,
1737 3178 1930 3216 eruere

252 3257 437 3307 coner,
482 3238 593 3315 ipsi
638 3236 721 3294 illi
766 3236 1047 3294 maiorum
1094 3236 1355 3313 gentium
1404 3238 1464 3295 di
1509 3239 1607 3317 qui
1648 3238 1932 3297 habentur
