<?xml version="1.0" encoding="UTF-8"?>
<!DOCTYPE html PUBLIC "-//W3C//DTD XHTML 1.0 Transitional//EN"
    "http://www.w3.org/TR/xhtml1/DTD/xhtml1-transitional.dtd">
<html xmlns="http://www.w3.org/1999/xhtml" xml:lang="en" lang="en">
 <head>
  <title>
</title>
<meta http-equiv="Content-Type" content="text/html;charset=utf-8" />
  <meta name='ocr-system' content='tesseract 3.04.00' />
  <meta name='ocr-capabilities' content='ocr_page ocr_carea ocr_par ocr_line ocrx_word'/>
</head>
<body>
  <div class='ocr_page' id='page_1' title='image "./tusculanarumdis06cicegoog_0167.png"; bbox 0 0 2235 3581; ppageno 0'>
   <div class='ocr_carea' id='block_1_1' title="bbox 766 152 2015 214">
    <p class='ocr_par' dir='ltr' id='par_1_1' title="bbox 766 152 2015 214">
     <span class='ocr_line' id='line_1_1' title="bbox 766 152 2015 214; baseline 0.002 -14"><span class='ocrx_word' id='word_1_1' title='bbox 766 152 907 202; x_wconf 58' lang='lat'><strong>1⁴13.</strong></span> <span class='ocrx_word' id='word_1_2' title='bbox 940 152 1032 214; x_wconf 65' lang='lat' dir='ltr'>V„</span> <span class='ocrx_word' id='word_1_3' title='bbox 1063 152 1223 202; x_wconf 76' lang='lat' dir='ltr'>CAP.</span> <span class='ocrx_word' id='word_1_4' title='bbox 1259 152 1435 214; x_wconf 69' lang='lat' dir='ltr'><strong>VIII„</strong></span> <span class='ocrx_word' id='word_1_5' title='bbox 1468 153 1567 202; x_wconf 88' lang='lat' dir='ltr'>IX.</span> <span class='ocrx_word' id='word_1_6' title='bbox 1921 155 2015 202; x_wconf 78' lang='lat'>157</span> 
     </span>
    </p>
   </div>
   <div class='ocr_carea' id='block_1_2' title="bbox 317 252 2018 872">
    <p class='ocr_par' dir='ltr' id='par_1_2' title="bbox 317 252 2018 872">
     <span class='ocr_line' id='line_1_2' title="bbox 322 252 2015 330; baseline -0.001 -21"><span class='ocrx_word' id='word_1_7' title='bbox 322 271 572 329; x_wconf 89' lang='lat' dir='ltr'>usquam</span> <span class='ocrx_word' id='word_1_8' title='bbox 600 252 661 310; x_wconf 91' lang='lat' dir='ltr'>id</span> <span class='ocrx_word' id='word_1_9' title='bbox 683 253 922 330; x_wconf 91' lang='lat' dir='ltr'>quidem</span> <span class='ocrx_word' id='word_1_10' title='bbox 943 252 1088 310; x_wconf 88' lang='lat' dir='ltr'>dicit</span> <span class='ocrx_word' id='word_1_11' title='bbox 1115 253 1373 326; x_wconf 80' lang='lat' dir='ltr'>oninin0,</span> <span class='ocrx_word' id='word_1_12' title='bbox 1400 253 1500 310; x_wconf 90' lang='lat' dir='ltr'>sed</span> <span class='ocrx_word' id='word_1_13' title='bbox 1523 271 1667 330; x_wconf 89' lang='lat' dir='ltr'>quae</span> <span class='ocrx_word' id='word_1_14' title='bbox 1690 252 1832 309; x_wconf 89' lang='lat' dir='ltr'>dicit</span> <span class='ocrx_word' id='word_1_15' title='bbox 1861 252 2015 309; x_wconf 88' lang='lat' dir='ltr'>idem</span> 
     </span>
     <span class='ocr_line' id='line_1_3' title="bbox 325 331 2017 410; baseline -0.001 -20"><span class='ocrx_word' id='word_1_16' title='bbox 325 333 533 391; x_wconf 88' lang='lat' dir='ltr'>valent.</span> <span class='ocrx_word' id='word_1_17' title='bbox 621 339 714 390; x_wconf 82' lang='lat'>25.</span> <span class='ocrx_word' id='word_1_18' title='bbox 761 333 1007 390; x_wconf 88' lang='lat' dir='ltr'>Possum</span> <span class='ocrx_word' id='word_1_19' title='bbox 1030 333 1225 410; x_wconf 85' lang='lat' dir='ltr'>igitur,</span> <span class='ocrx_word' id='word_1_20' title='bbox 1247 333 1341 390; x_wconf 92' lang='lat' dir='ltr'>cui</span> <span class='ocrx_word' id='word_1_21' title='bbox 1368 332 1746 390; x_wconf 84' lang='lat' dir='ltr'>concesserim</span> <span class='ocrx_word' id='word_1_22' title='bbox 1769 332 1829 389; x_wconf 92' lang='lat' dir='ltr'>in</span> <span class='ocrx_word' id='word_1_23' title='bbox 1851 331 2017 390; x_wconf 89' lang='lat' dir='ltr'>malis</span> 
     </span>
     <span class='ocr_line' id='line_1_4' title="bbox 317 411 2013 490; baseline -0.001 -18"><span class='ocrx_word' id='word_1_24' title='bbox 317 432 448 472; x_wconf 88' lang='lat' dir='ltr'>esse</span> <span class='ocrx_word' id='word_1_25' title='bbox 490 411 720 471; x_wconf 88' lang='lat' dir='ltr'>dolores</span> <span class='ocrx_word' id='word_1_26' title='bbox 760 414 1036 490; x_wconf 79' lang='lat' dir='ltr'>corporiS,</span> <span class='ocrx_word' id='word_1_27' title='bbox 1071 415 1133 470; x_wconf 90' lang='lat' dir='ltr'>in</span> <span class='ocrx_word' id='word_1_28' title='bbox 1177 413 1345 470; x_wconf 90' lang='lat' dir='ltr'>malis</span> <span class='ocrx_word' id='word_1_29' title='bbox 1385 413 1689 490; x_wconf 79' lang='lat' dir='ltr'>naufragia</span> <span class='ocrx_word' id='word_1_30' title='bbox 1728 412 2013 483; x_wconf 78' lang='lat' dir='ltr'><strong>fortunae,</strong></span> 
     </span>
     <span class='ocr_line' id='line_1_5' title="bbox 323 491 2013 563; baseline -0.002 -12"><span class='ocrx_word' id='word_1_31' title='bbox 323 493 460 551; x_wconf 91' lang='lat' dir='ltr'>huic</span> <span class='ocrx_word' id='word_1_32' title='bbox 481 513 810 552; x_wconf 81' lang='lat' dir='ltr'>suscensere</span> <span class='ocrx_word' id='word_1_33' title='bbox 839 493 1056 552; x_wconf 86' lang='lat' dir='ltr'>dicenti</span> <span class='ocrx_word' id='word_1_34' title='bbox 1077 513 1197 550; x_wconf 90' lang='lat' dir='ltr'>non</span> <span class='ocrx_word' id='word_1_35' title='bbox 1220 512 1421 550; x_wconf 89' lang='lat' dir='ltr'>omnes</span> <span class='ocrx_word' id='word_1_36' title='bbox 1440 493 1626 550; x_wconf 90' lang='lat' dir='ltr'>bonos</span> <span class='ocrx_word' id='word_1_37' title='bbox 1655 511 1775 550; x_wconf 90' lang='lat' dir='ltr'>esse</span> <span class='ocrx_word' id='word_1_38' title='bbox 1798 491 2013 563; x_wconf 90' lang='lat' dir='ltr'>beatos,</span> 
     </span>
     <span class='ocr_line' id='line_1_6' title="bbox 320 572 2013 649; baseline -0.001 -18"><span class='ocrx_word' id='word_1_39' title='bbox 320 593 458 631; x_wconf 90' lang='lat' dir='ltr'>cum</span> <span class='ocrx_word' id='word_1_40' title='bbox 487 573 547 632; x_wconf 90' lang='lat' dir='ltr'>in</span> <span class='ocrx_word' id='word_1_41' title='bbox 579 593 782 631; x_wconf 91' lang='lat' dir='ltr'>omnes</span> <span class='ocrx_word' id='word_1_42' title='bbox 812 573 996 631; x_wconf 89' lang='lat' dir='ltr'>bonos</span> <span class='ocrx_word' id='word_1_43' title='bbox 1030 593 1112 644; x_wconf 89' lang='lat' dir='ltr'>ea,</span> <span class='ocrx_word' id='word_1_44' title='bbox 1140 593 1284 649; x_wconf 89' lang='lat' dir='ltr'>quae</span> <span class='ocrx_word' id='word_1_45' title='bbox 1315 572 1409 630; x_wconf 90' lang='lat' dir='ltr'>ille</span> <span class='ocrx_word' id='word_1_46' title='bbox 1436 573 1497 628; x_wconf 91' lang='lat' dir='ltr'>in</span> <span class='ocrx_word' id='word_1_47' title='bbox 1532 572 1699 632; x_wconf 87' lang='lat' dir='ltr'>malis</span> <span class='ocrx_word' id='word_1_48' title='bbox 1732 580 2013 643; x_wconf 88' lang='lat' dir='ltr'>numerat,</span> 
     </span>
     <span class='ocr_line' id='line_1_7' title="bbox 321 651 2017 731; baseline -0.001 -20"><span class='ocrx_word' id='word_1_49' title='bbox 321 652 529 712; x_wconf 89' lang='lat' dir='ltr'>cadere</span> <span class='ocrx_word' id='word_1_50' title='bbox 571 654 836 731; x_wconf 70' lang='lat' dir='ltr'>possint?</span> <span class='ocrx_word' id='word_1_51' title='bbox 906 653 1169 711; x_wconf 85' lang='lat' dir='ltr'>Vexatur</span> <span class='ocrx_word' id='word_1_52' title='bbox 1210 653 1363 710; x_wconf 90' lang='lat' dir='ltr'>idem</span> <span class='ocrx_word' id='word_1_53' title='bbox 1396 652 1831 730; x_wconf 82' lang='lat' dir='ltr'>Theophrastus</span> <span class='ocrx_word' id='word_1_54' title='bbox 1864 660 1922 710; x_wconf 90' lang='lat' dir='ltr'>et</span> <span class='ocrx_word' id='word_1_55' title='bbox 1954 651 2017 710; x_wconf 90' lang='lat' dir='ltr'>li-</span> 
     </span>
     <span class='ocr_line' id='line_1_8' title="bbox 323 731 2018 810; baseline -0.001 -20"><span class='ocrx_word' id='word_1_56' title='bbox 323 733 444 790; x_wconf 90' lang='lat' dir='ltr'>bris</span> <span class='ocrx_word' id='word_1_57' title='bbox 473 741 533 792; x_wconf 89' lang='lat' dir='ltr'>et</span> <span class='ocrx_word' id='word_1_58' title='bbox 562 731 776 791; x_wconf 88' lang='lat' dir='ltr'>scholis</span> <span class='ocrx_word' id='word_1_59' title='bbox 809 733 1072 790; x_wconf 89' lang='lat' dir='ltr'>omnium</span> <span class='ocrx_word' id='word_1_60' title='bbox 1100 733 1599 810; x_wconf 88' lang='lat' dir='ltr'>philosophorum,</span> <span class='ocrx_word' id='word_1_61' title='bbox 1620 732 1779 810; x_wconf 92' lang='lat' dir='ltr'>quod</span> <span class='ocrx_word' id='word_1_62' title='bbox 1808 733 1867 790; x_wconf 91' lang='lat' dir='ltr'>in</span> <span class='ocrx_word' id='word_1_63' title='bbox 1893 732 2018 790; x_wconf 90' lang='lat' dir='ltr'>Cal-</span> 
     </span>
     <span class='ocr_line' id='line_1_9' title="bbox 324 813 1583 872; baseline -0.001 -2"><span class='ocrx_word' id='word_1_64' title='bbox 324 813 575 872; x_wconf 75' lang='lat' dir='ltr'>listhene</span> <span class='ocrx_word' id='word_1_65' title='bbox 604 833 709 872; x_wconf 91' lang='lat' dir='ltr'>suo</span> <span class='ocrx_word' id='word_1_66' title='bbox 740 814 988 872; x_wconf 85' lang='lat' dir='ltr'>laudarit</span> <span class='ocrx_word' id='word_1_67' title='bbox 1015 813 1175 870; x_wconf 86' lang='lat' dir='ltr'>illam</span> <span class='ocrx_word' id='word_1_68' title='bbox 1204 813 1583 871; x_wconf 87' lang='lat' dir='ltr'>sententiam:</span> 
     </span>
    </p>
   </div>
   <div class='ocr_carea' id='block_1_3' title="bbox 677 934 1657 998">
    <p class='ocr_par' dir='ltr' id='par_1_3' title="bbox 677 934 1657 998">
     <span class='ocr_line' id='line_1_10' title="bbox 677 934 1657 998; baseline -0.001 -15"><span class='ocrx_word' id='word_1_69' title='bbox 677 935 857 983; x_wconf 83' lang='lat' dir='ltr'>Vitam</span> <span class='ocrx_word' id='word_1_70' title='bbox 879 935 1010 996; x_wconf 84' lang='lat' dir='ltr'>regit</span> <span class='ocrx_word' id='word_1_71' title='bbox 1033 934 1249 996; x_wconf 84' lang='lat' dir='ltr'>fortuna,</span> <span class='ocrx_word' id='word_1_72' title='bbox 1276 951 1375 984; x_wconf 85' lang='lat' dir='ltr'>non</span> <span class='ocrx_word' id='word_1_73' title='bbox 1399 935 1657 998; x_wconf 82' lang='lat' dir='ltr'>sapientia.</span> 
     </span>
    </p>
   </div>
   <div class='ocr_carea' id='block_1_4' title="bbox 319 1051 2073 3208">
    <p class='ocr_par' dir='ltr' id='par_1_4' title="bbox 319 1051 2073 3208">
     <span class='ocr_line' id='line_1_11' title="bbox 324 1051 2073 1129; baseline 0 -20"><span class='ocrx_word' id='word_1_74' title='bbox 324 1052 561 1129; x_wconf 85' lang='lat' dir='ltr'>Negant</span> <span class='ocrx_word' id='word_1_75' title='bbox 599 1051 674 1109; x_wconf 91' lang='lat' dir='ltr'>ab</span> <span class='ocrx_word' id='word_1_76' title='bbox 717 1051 836 1109; x_wconf 88' lang='lat' dir='ltr'>ullo</span> <span class='ocrx_word' id='word_1_77' title='bbox 878 1051 1231 1128; x_wconf 79' lang='lat' dir='ltr'>philosopho</span> <span class='ocrx_word' id='word_1_78' title='bbox 1271 1051 1585 1128; x_wconf 85' lang='lat' dir='ltr'>quidquam</span> <span class='ocrx_word' id='word_1_79' title='bbox 1630 1052 1850 1109; x_wconf 86' lang='lat' dir='ltr'>dictum</span> <span class='ocrx_word' id='word_1_80' title='bbox 1892 1073 2015 1110; x_wconf 81' lang='lat' dir='ltr'>esso</span> <span class='ocrx_word' id='word_1_81' title='bbox 2066 1096 2073 1102; x_wconf 90' lang='lat'><strong>.</strong></span> 
     </span>
     <span class='ocr_line' id='line_1_12' title="bbox 323 1131 2013 1209; baseline 0.001 -21"><span class='ocrx_word' id='word_1_82' title='bbox 323 1132 672 1209; x_wconf 78' lang='lat' dir='ltr'>languidius,</span> <span class='ocrx_word' id='word_1_83' title='bbox 750 1132 930 1189; x_wconf 81' lang='lat' dir='ltr'>Recte</span> <span class='ocrx_word' id='word_1_84' title='bbox 951 1132 1014 1189; x_wconf 89' lang='lat' dir='ltr'>id</span> <span class='ocrx_word' id='word_1_85' title='bbox 1038 1131 1291 1209; x_wconf 86' lang='lat' dir='ltr'>quidem,</span> <span class='ocrx_word' id='word_1_86' title='bbox 1314 1131 1416 1189; x_wconf 91' lang='lat' dir='ltr'>sed</span> <span class='ocrx_word' id='word_1_87' title='bbox 1437 1131 1583 1188; x_wconf 88' lang='lat' dir='ltr'>nihil</span> <span class='ocrx_word' id='word_1_88' title='bbox 1604 1131 1877 1209; x_wconf 80' lang='lat' dir='ltr'>intellego</span> <span class='ocrx_word' id='word_1_89' title='bbox 1901 1133 2013 1190; x_wconf 89' lang='lat' dir='ltr'>dici</span> 
     </span>
     <span class='ocr_line' id='line_1_13' title="bbox 323 1211 2014 1289; baseline 0 -19"><span class='ocrx_word' id='word_1_90' title='bbox 323 1213 584 1289; x_wconf 90' lang='lat' dir='ltr'>potuisse</span> <span class='ocrx_word' id='word_1_91' title='bbox 618 1212 996 1270; x_wconf 78' lang='lat' dir='ltr'>constantius,</span> <span class='ocrx_word' id='word_1_92' title='bbox 1082 1211 1147 1269; x_wconf 87' lang='lat' dir='ltr'>Si</span> <span class='ocrx_word' id='word_1_93' title='bbox 1182 1213 1337 1268; x_wconf 88' lang='lat' dir='ltr'>enim</span> <span class='ocrx_word' id='word_1_94' title='bbox 1379 1219 1471 1269; x_wconf 91' lang='lat' dir='ltr'>tot</span> <span class='ocrx_word' id='word_1_95' title='bbox 1512 1219 1648 1269; x_wconf 91' lang='lat' dir='ltr'>sunt</span> <span class='ocrx_word' id='word_1_96' title='bbox 1680 1213 1741 1269; x_wconf 91' lang='lat' dir='ltr'>in</span> <span class='ocrx_word' id='word_1_97' title='bbox 1775 1231 2014 1289; x_wconf 88' lang='lat' dir='ltr'>corpore</span> 
     </span>
     <span class='ocr_line' id='line_1_14' title="bbox 325 1291 2014 1368; baseline 0.001 -19"><span class='ocrx_word' id='word_1_98' title='bbox 325 1293 494 1363; x_wconf 90' lang='lat' dir='ltr'>bona,</span> <span class='ocrx_word' id='word_1_99' title='bbox 520 1299 613 1349; x_wconf 86' lang='lat' dir='ltr'>tot</span> <span class='ocrx_word' id='word_1_100' title='bbox 644 1299 809 1350; x_wconf 88' lang='lat' dir='ltr'>extra</span> <span class='ocrx_word' id='word_1_101' title='bbox 841 1311 1050 1368; x_wconf 91' lang='lat' dir='ltr'>corpus</span> <span class='ocrx_word' id='word_1_102' title='bbox 1083 1293 1146 1348; x_wconf 90' lang='lat' dir='ltr'>in</span> <span class='ocrx_word' id='word_1_103' title='bbox 1179 1312 1315 1350; x_wconf 90' lang='lat' dir='ltr'>casu</span> <span class='ocrx_word' id='word_1_104' title='bbox 1348 1298 1519 1368; x_wconf 91' lang='lat' dir='ltr'>atque</span> <span class='ocrx_word' id='word_1_105' title='bbox 1547 1291 1802 1362; x_wconf 79' lang='lat' dir='ltr'>fortuna,</span> <span class='ocrx_word' id='word_1_106' title='bbox 1823 1311 2014 1351; x_wconf 87' lang='lat' dir='ltr'>nonne</span> 
     </span>
     <span class='ocr_line' id='line_1_15' title="bbox 319 1371 2010 1449; baseline -0.001 -19"><span class='ocrx_word' id='word_1_107' title='bbox 319 1379 776 1430; x_wconf 86' lang='lat' dir='ltr'>consentaneum</span> <span class='ocrx_word' id='word_1_108' title='bbox 799 1379 887 1429; x_wconf 88' lang='lat' dir='ltr'>est</span> <span class='ocrx_word' id='word_1_109' title='bbox 909 1372 1038 1449; x_wconf 88' lang='lat' dir='ltr'>plus</span> <span class='ocrx_word' id='word_1_110' title='bbox 1060 1372 1374 1443; x_wconf 84' lang='lat' dir='ltr'>fortunam,</span> <span class='ocrx_word' id='word_1_111' title='bbox 1401 1391 1545 1448; x_wconf 88' lang='lat' dir='ltr'>quae</span> <span class='ocrx_word' id='word_1_112' title='bbox 1566 1371 1804 1428; x_wconf 91' lang='lat' dir='ltr'>domina</span> <span class='ocrx_word' id='word_1_113' title='bbox 1826 1391 2010 1429; x_wconf 89' lang='lat' dir='ltr'>rerum</span> 
     </span>
     <span class='ocr_line' id='line_1_16' title="bbox 321 1452 2011 1544; baseline 0 -36"><span class='ocrx_word' id='word_1_114' title='bbox 321 1453 402 1510; x_wconf 83' lang='lat' dir='ltr'>sit</span> <span class='ocrx_word' id='word_1_115' title='bbox 435 1459 495 1509; x_wconf 90' lang='lat' dir='ltr'>et</span> <span class='ocrx_word' id='word_1_116' title='bbox 527 1459 890 1510; x_wconf 86' lang='lat' dir='ltr'>externarum</span> <span class='ocrx_word' id='word_1_117' title='bbox 933 1460 994 1510; x_wconf 89' lang='lat' dir='ltr'>et</span> <span class='ocrx_word' id='word_1_118' title='bbox 1028 1452 1103 1510; x_wconf 90' lang='lat' dir='ltr'>ad</span> <span class='ocrx_word' id='word_1_119' title='bbox 1136 1472 1345 1529; x_wconf 90' lang='lat' dir='ltr'>corpus</span> <span class='ocrx_word' id='word_1_120' title='bbox 1377 1452 1809 1529; x_wconf 89' lang='lat' dir='ltr'>pertinentium,</span> <span class='ocrx_word' id='word_1_121' title='bbox 1843 1471 2011 1544; x_wconf 74' lang='lat' dir='ltr'>quam</span> 
     </span>
     <span class='ocr_line' id='line_1_17' title="bbox 320 1531 2014 1608; baseline -0.001 -18"><span class='ocrx_word' id='word_1_122' title='bbox 320 1531 632 1590; x_wconf 90' lang='lat' dir='ltr'>consilium</span> <span class='ocrx_word' id='word_1_123' title='bbox 661 1533 884 1590; x_wconf 61' lang='lat' dir='ltr'>valere?</span> <span class='ocrx_word' id='word_1_124' title='bbox 968 1538 1062 1590; x_wconf 82' lang='lat'>26.</span> <span class='ocrx_word' id='word_1_125' title='bbox 1101 1532 1200 1589; x_wconf 92' lang='lat' dir='ltr'>An</span> <span class='ocrx_word' id='word_1_126' title='bbox 1230 1531 1515 1590; x_wconf 88' lang='lat' dir='ltr'>malumus</span> <span class='ocrx_word' id='word_1_127' title='bbox 1544 1531 1904 1608; x_wconf 84' lang='lat' dir='ltr'>Epicurum</span> <span class='ocrx_word' id='word_1_128' title='bbox 1890 1532 2014 1589; x_wconf 81' lang='lat' dir='ltr'>lmi-</span> 
     </span>
     <span class='ocr_line' id='line_1_18' title="bbox 323 1611 2013 1690; baseline 0 -21"><span class='ocrx_word' id='word_1_129' title='bbox 323 1613 473 1670; x_wconf 60' lang='lat' dir='ltr'>tariss</span> <span class='ocrx_word' id='word_1_130' title='bbox 515 1613 616 1690; x_wconf 92' lang='lat' dir='ltr'>qui</span> <span class='ocrx_word' id='word_1_131' title='bbox 656 1613 842 1671; x_wconf 87' lang='lat' dir='ltr'>multa</span> <span class='ocrx_word' id='word_1_132' title='bbox 881 1612 1169 1690; x_wconf 87' lang='lat' dir='ltr'>praeclare</span> <span class='ocrx_word' id='word_1_133' title='bbox 1212 1631 1381 1689; x_wconf 86' lang='lat' dir='ltr'>saepe</span> <span class='ocrx_word' id='word_1_134' title='bbox 1423 1611 1599 1668; x_wconf 84' lang='lat' dir='ltr'>dicit:</span> <span class='ocrx_word' id='word_1_135' title='bbox 1646 1631 1818 1688; x_wconf 89' lang='lat' dir='ltr'>quam</span> <span class='ocrx_word' id='word_1_136' title='bbox 1859 1612 2013 1669; x_wconf 87' lang='lat' dir='ltr'>enim</span> 
     </span>
     <span class='ocr_line' id='line_1_19' title="bbox 319 1691 2011 1770; baseline 0.001 -21"><span class='ocrx_word' id='word_1_137' title='bbox 319 1691 436 1749; x_wconf 89' lang='lat' dir='ltr'>sibi</span> <span class='ocrx_word' id='word_1_138' title='bbox 477 1701 807 1751; x_wconf 84' lang='lat' dir='ltr'>constanter</span> <span class='ocrx_word' id='word_1_139' title='bbox 847 1693 1367 1770; x_wconf 87' lang='lat' dir='ltr'>convenienterque</span> <span class='ocrx_word' id='word_1_140' title='bbox 1388 1692 1566 1748; x_wconf 84' lang='lat' dir='ltr'>·dicat</span> <span class='ocrx_word' id='word_1_141' title='bbox 1614 1711 1731 1750; x_wconf 90' lang='lat' dir='ltr'>non</span> <span class='ocrx_word' id='word_1_142' title='bbox 1774 1691 2011 1750; x_wconf 84' lang='lat' dir='ltr'>laborat.</span> 
     </span>
     <span class='ocr_line' id='line_1_20' title="bbox 322 1771 2014 1851; baseline 0 -20"><span class='ocrx_word' id='word_1_143' title='bbox 322 1772 550 1832; x_wconf 79' lang='lat' dir='ltr'>Laudat</span> <span class='ocrx_word' id='word_1_144' title='bbox 576 1780 809 1832; x_wconf 89' lang='lat' dir='ltr'>tenuem</span> <span class='ocrx_word' id='word_1_145' title='bbox 839 1773 1074 1832; x_wconf 90' lang='lat' dir='ltr'>victum.</span> <span class='ocrx_word' id='word_1_146' title='bbox 1161 1771 1508 1850; x_wconf 88' lang='lat' dir='ltr'>Philosophi</span> <span class='ocrx_word' id='word_1_147' title='bbox 1537 1772 1597 1831; x_wconf 91' lang='lat' dir='ltr'>id</span> <span class='ocrx_word' id='word_1_148' title='bbox 1628 1772 1880 1851; x_wconf 88' lang='lat' dir='ltr'>quidem,</span> <span class='ocrx_word' id='word_1_149' title='bbox 1914 1773 2014 1831; x_wconf 91' lang='lat' dir='ltr'>scd</span> 
     </span>
     <span class='ocr_line' id='line_1_21' title="bbox 321 1853 2013 1931; baseline 0.001 -21"><span class='ocrx_word' id='word_1_150' title='bbox 321 1854 374 1911; x_wconf 86' lang='lat' dir='ltr'>si</span> <span class='ocrx_word' id='word_1_151' title='bbox 404 1853 668 1913; x_wconf 83' lang='lat' dir='ltr'>Socrates</span> <span class='ocrx_word' id='word_1_152' title='bbox 695 1862 795 1911; x_wconf 92' lang='lat' dir='ltr'>aut</span> <span class='ocrx_word' id='word_1_153' title='bbox 817 1854 1195 1911; x_wconf 89' lang='lat' dir='ltr'>Antisthenes</span> <span class='ocrx_word' id='word_1_154' title='bbox 1217 1854 1449 1927; x_wconf 88' lang='lat' dir='ltr'>diceret,</span> <span class='ocrx_word' id='word_1_155' title='bbox 1472 1873 1589 1911; x_wconf 92' lang='lat' dir='ltr'>non</span> <span class='ocrx_word' id='word_1_156' title='bbox 1620 1855 1684 1924; x_wconf 85' lang='lat' dir='ltr'>is,</span> <span class='ocrx_word' id='word_1_157' title='bbox 1708 1854 1811 1931; x_wconf 88' lang='lat' dir='ltr'>qui</span> <span class='ocrx_word' id='word_1_158' title='bbox 1839 1853 2013 1911; x_wconf 90' lang='lat' dir='ltr'>finem</span> 
     </span>
     <span class='ocr_line' id='line_1_22' title="bbox 325 1933 2011 2011; baseline 0.001 -21"><span class='ocrx_word' id='word_1_159' title='bbox 325 1933 612 1992; x_wconf 90' lang='lat' dir='ltr'>bonorum</span> <span class='ocrx_word' id='word_1_160' title='bbox 630 1934 988 2011; x_wconf 83' lang='lat' dir='ltr'>voluptatem</span> <span class='ocrx_word' id='word_1_161' title='bbox 1010 1953 1131 1991; x_wconf 87' lang='lat' dir='ltr'>esse</span> <span class='ocrx_word' id='word_1_162' title='bbox 1150 1933 1376 1992; x_wconf 85' lang='lat' dir='ltr'>dixerit.</span> <span class='ocrx_word' id='word_1_163' title='bbox 1453 1933 1644 2011; x_wconf 86' lang='lat' dir='ltr'>Negat</span> <span class='ocrx_word' id='word_1_164' title='bbox 1666 1952 2011 2011; x_wconf 89' lang='lat' dir='ltr'>quemquam</span> 
     </span>
     <span class='ocr_line' id='line_1_23' title="bbox 324 2012 2015 2091; baseline 0 -20"><span class='ocrx_word' id='word_1_165' title='bbox 324 2014 575 2072; x_wconf 91' lang='lat' dir='ltr'>iucunde</span> <span class='ocrx_word' id='word_1_166' title='bbox 623 2034 792 2091; x_wconf 89' lang='lat' dir='ltr'>posse</span> <span class='ocrx_word' id='word_1_167' title='bbox 836 2015 1040 2085; x_wconf 84' lang='lat' dir='ltr'>vivere,</span> <span class='ocrx_word' id='word_1_168' title='bbox 1079 2014 1193 2071; x_wconf 90' lang='lat' dir='ltr'>nisi</span> <span class='ocrx_word' id='word_1_169' title='bbox 1233 2014 1388 2071; x_wconf 91' lang='lat' dir='ltr'>idem</span> <span class='ocrx_word' id='word_1_170' title='bbox 1430 2012 1688 2084; x_wconf 88' lang='lat' dir='ltr'>honeste,</span> <span class='ocrx_word' id='word_1_171' title='bbox 1726 2014 2015 2091; x_wconf 86' lang='lat' dir='ltr'>sapienter</span> 
     </span>
     <span class='ocr_line' id='line_1_24' title="bbox 324 2093 2014 2185; baseline -0.001 -34"><span class='ocrx_word' id='word_1_172' title='bbox 324 2095 588 2172; x_wconf 88' lang='lat' dir='ltr'>iusteque</span> <span class='ocrx_word' id='word_1_173' title='bbox 612 2096 782 2152; x_wconf 78' lang='lat' dir='ltr'>vivat.</span> <span class='ocrx_word' id='word_1_174' title='bbox 868 2094 1031 2152; x_wconf 91' lang='lat' dir='ltr'>Nihil</span> <span class='ocrx_word' id='word_1_175' title='bbox 1053 2095 1301 2171; x_wconf 77' lang='lat' dir='ltr'>graviuS,</span> <span class='ocrx_word' id='word_1_176' title='bbox 1328 2094 1473 2151; x_wconf 86' lang='lat' dir='ltr'>nihil</span> <span class='ocrx_word' id='word_1_177' title='bbox 1501 2093 1879 2185; x_wconf 84' lang='lat' dir='ltr'>philosophia</span> <span class='ocrx_word' id='word_1_178' title='bbox 1891 2094 2014 2170; x_wconf 86' lang='lat' dir='ltr'>dig·</span> 
     </span>
     <span class='ocr_line' id='line_1_25' title="bbox 325 2173 2013 2251; baseline 0 -20"><span class='ocrx_word' id='word_1_179' title='bbox 325 2174 474 2246; x_wconf 82' lang='lat' dir='ltr'>niuS,</span> <span class='ocrx_word' id='word_1_180' title='bbox 506 2175 619 2232; x_wconf 76' lang='lat' dir='ltr'>nisi</span> <span class='ocrx_word' id='word_1_181' title='bbox 650 2175 806 2233; x_wconf 90' lang='lat' dir='ltr'>idem</span> <span class='ocrx_word' id='word_1_182' title='bbox 840 2174 1001 2231; x_wconf 88' lang='lat' dir='ltr'>hoc&#39;</span> <span class='ocrx_word' id='word_1_183' title='bbox 984 2193 1195 2251; x_wconf 86' lang='lat' dir='ltr'>ipsum,</span> <span class='ocrx_word' id='word_1_184' title='bbox 1228 2174 1486 2244; x_wconf 88' lang='lat' dir='ltr'>honeste,</span> <span class='ocrx_word' id='word_1_185' title='bbox 1522 2173 1827 2250; x_wconf 87' lang='lat' dir='ltr'>sapienter,</span> <span class='ocrx_word' id='word_1_186' title='bbox 1865 2174 2013 2231; x_wconf 90' lang='lat' dir='ltr'>iuste</span> 
     </span>
     <span class='ocr_line' id='line_1_26' title="bbox 322 2253 2013 2347; baseline -0.001 -36"><span class='ocrx_word' id='word_1_187' title='bbox 322 2254 400 2311; x_wconf 89' lang='lat' dir='ltr'>ad</span> <span class='ocrx_word' id='word_1_188' title='bbox 401 2254 774 2347; x_wconf 40' lang='lat' dir='ltr'>‘voluptatem</span> <span class='ocrx_word' id='word_1_189' title='bbox 798 2255 1050 2313; x_wconf 79' lang='lat' dir='ltr'>referret.</span> <span class='ocrx_word' id='word_1_190' title='bbox 1121 2253 1278 2323; x_wconf 82' lang='lat' dir='ltr'>Quid</span> <span class='ocrx_word' id='word_1_191' title='bbox 1298 2254 1503 2311; x_wconf 89' lang='lat' dir='ltr'>melius</span> <span class='ocrx_word' id='word_1_192' title='bbox 1520 2272 1695 2329; x_wconf 91' lang='lat' dir='ltr'>quam</span> <span class='ocrx_word' id='word_1_193' title='bbox 1717 2253 2013 2311; x_wconf 80' lang='lat' dir='ltr'>fortunam</span> 
     </span>
     <span class='ocr_line' id='line_1_27' title="bbox 321 2332 2010 2412; baseline -0.002 -20"><span class='ocrx_word' id='word_1_194' title='bbox 321 2335 594 2411; x_wconf 87' lang='lat' dir='ltr'>exiguam</span> <span class='ocrx_word' id='word_1_195' title='bbox 616 2336 961 2392; x_wconf 83' lang='lat' dir='ltr'>intervenire</span> <span class='ocrx_word' id='word_1_196' title='bbox 983 2333 1268 2412; x_wconf 67' lang='lat' dir='ltr'>sapienti?</span> <span class='ocrx_word' id='word_1_197' title='bbox 1310 2334 1413 2391; x_wconf 88' lang='lat' dir='ltr'>sed</span> <span class='ocrx_word' id='word_1_198' title='bbox 1434 2333 1582 2389; x_wconf 92' lang='lat' dir='ltr'>hoc</span> <span class='ocrx_word' id='word_1_199' title='bbox 1567 2351 1689 2389; x_wconf 81' lang='lat' dir='ltr'>isne</span> <span class='ocrx_word' id='word_1_200' title='bbox 1712 2332 1871 2404; x_wconf 89' lang='lat' dir='ltr'>dicit,</span> <span class='ocrx_word' id='word_1_201' title='bbox 1894 2334 2010 2409; x_wconf 93' lang='lat' dir='ltr'>qui,</span> 
     </span>
     <span class='ocr_line' id='line_1_28' title="bbox 321 2412 2013 2504; baseline -0.001 -32"><span class='ocrx_word' id='word_1_202' title='bbox 321 2434 459 2472; x_wconf 89' lang='lat' dir='ltr'>cum</span> <span class='ocrx_word' id='word_1_203' title='bbox 481 2413 736 2473; x_wconf 89' lang='lat' dir='ltr'>dolorem</span> <span class='ocrx_word' id='word_1_204' title='bbox 762 2434 878 2472; x_wconf 92' lang='lat' dir='ltr'>non</span> <span class='ocrx_word' id='word_1_205' title='bbox 901 2415 1080 2472; x_wconf 90' lang='lat' dir='ltr'>modo</span> <span class='ocrx_word' id='word_1_206' title='bbox 1102 2414 1421 2471; x_wconf 84' lang='lat' dir='ltr'>maximum</span> <span class='ocrx_word' id='word_1_207' title='bbox 1444 2412 1681 2504; x_wconf 70' lang='lat' dir='ltr'>malum,</span> <span class='ocrx_word' id='word_1_208' title='bbox 1702 2412 1804 2470; x_wconf 88' lang='lat' dir='ltr'>sed</span> <span class='ocrx_word' id='word_1_209' title='bbox 1826 2412 2013 2470; x_wconf 88' lang='lat' dir='ltr'>solum</span> 
     </span>
     <span class='ocr_line' id='line_1_29' title="bbox 325 2493 2015 2571; baseline -0.001 -20"><span class='ocrx_word' id='word_1_210' title='bbox 325 2494 544 2552; x_wconf 87' lang='lat' dir='ltr'>malum</span> <span class='ocrx_word' id='word_1_211' title='bbox 573 2495 744 2553; x_wconf 90' lang='lat' dir='ltr'>etiam</span> <span class='ocrx_word' id='word_1_212' title='bbox 770 2495 997 2565; x_wconf 86' lang='lat' dir='ltr'>dixerit,</span> <span class='ocrx_word' id='word_1_213' title='bbox 1016 2500 1146 2569; x_wconf 75' lang='lat' dir='ltr'>toto</span> <span class='ocrx_word' id='word_1_214' title='bbox 1170 2512 1410 2571; x_wconf 89' lang='lat' dir='ltr'>corpore</span> <span class='ocrx_word' id='word_1_215' title='bbox 1433 2493 1687 2569; x_wconf 88' lang='lat' dir='ltr'>opprimi</span> <span class='ocrx_word' id='word_1_216' title='bbox 1708 2494 1894 2570; x_wconf 89' lang='lat' dir='ltr'>possit</span> <span class='ocrx_word' id='word_1_217' title='bbox 1915 2493 2015 2550; x_wconf 86' lang='lat' dir='ltr'>do-</span> 
     </span>
     <span class='ocr_line' id='line_1_30' title="bbox 321 2573 2013 2643; baseline -0.001 -12"><span class='ocrx_word' id='word_1_218' title='bbox 321 2574 546 2633; x_wconf 89' lang='lat' dir='ltr'>loribus</span> <span class='ocrx_word' id='word_1_219' title='bbox 570 2575 862 2633; x_wconf 88' lang='lat' dir='ltr'>acerrimis</span> <span class='ocrx_word' id='word_1_220' title='bbox 890 2582 1033 2643; x_wconf 89' lang='lat' dir='ltr'>tum,</span> <span class='ocrx_word' id='word_1_221' title='bbox 1055 2594 1189 2631; x_wconf 91' lang='lat' dir='ltr'>cum</span> <span class='ocrx_word' id='word_1_222' title='bbox 1212 2574 1460 2630; x_wconf 87' lang='lat' dir='ltr'>maxime</span> <span class='ocrx_word' id='word_1_223' title='bbox 1488 2581 1691 2630; x_wconf 88' lang='lat' dir='ltr'>contra</span> <span class='ocrx_word' id='word_1_224' title='bbox 1717 2573 2013 2631; x_wconf 84' lang='lat' dir='ltr'>fortunam</span> 
     </span>
     <span class='ocr_line' id='line_1_31' title="bbox 321 2652 2015 2729; baseline 0 -19"><span class='ocrx_word' id='word_1_225' title='bbox 321 2654 643 2729; x_wconf 66' lang='lat' dir='ltr'>glorietur?</span> <span class='ocrx_word' id='word_1_226' title='bbox 723 2656 818 2712; x_wconf 89' lang='grc'>27.</span> <span class='ocrx_word' id='word_1_227' title='bbox 857 2653 1026 2723; x_wconf 83' lang='lat' dir='ltr'>Quod</span> <span class='ocrx_word' id='word_1_228' title='bbox 1063 2654 1219 2710; x_wconf 91' lang='lat' dir='ltr'>idem</span> <span class='ocrx_word' id='word_1_229' title='bbox 1253 2652 1589 2711; x_wconf 86' lang='lat' dir='ltr'>melioribus</span> <span class='ocrx_word' id='word_1_230' title='bbox 1623 2654 1798 2711; x_wconf 90' lang='lat' dir='ltr'>etiam</span> <span class='ocrx_word' id='word_1_231' title='bbox 1827 2654 2015 2712; x_wconf 90' lang='lat' dir='ltr'>verbis</span> 
     </span>
     <span class='ocr_line' id='line_1_32' title="bbox 326 2733 2015 2809; baseline -0.002 -18"><span class='ocrx_word' id='word_1_232' title='bbox 326 2735 730 2792; x_wconf 32' lang='lat' dir='ltr'>Metrodoiwus</span> <span class='ocrx_word' id='word_1_233' title='bbox 777 2734 1064 2807; x_wconf 77' lang='lat' dir='ltr'>occupavi</span> <span class='ocrx_word' id='word_1_234' title='bbox 1096 2741 1160 2805; x_wconf 85' lang='lat' dir='ltr'>te,</span> <span class='ocrx_word' id='word_1_235' title='bbox 1187 2734 1392 2809; x_wconf 86' lang='lat' dir='ltr'>inquit,</span> <span class='ocrx_word' id='word_1_236' title='bbox 1408 2734 1662 2807; x_wconf 80' lang='lat' dir='ltr'>fortuna</span> <span class='ocrx_word' id='word_1_237' title='bbox 1694 2742 1865 2807; x_wconf 84' lang='lat' dir='ltr'>atque</span> <span class='ocrx_word' id='word_1_238' title='bbox 1897 2733 2015 2807; x_wconf 79' lang='lat' dir='ltr'>cepi</span> 
     </span>
     <span class='ocr_line' id='line_1_33' title="bbox 323 2814 2015 2888; baseline -0.001 -17"><span class='ocrx_word' id='word_1_239' title='bbox 323 2833 627 2888; x_wconf 74' lang='lat' dir='ltr'>omnesque</span> <span class='ocrx_word' id='word_1_240' title='bbox 667 2815 866 2871; x_wconf 76' lang='lat' dir='ltr'>aditus</span> <span class='ocrx_word' id='word_1_241' title='bbox 903 2822 1028 2869; x_wconf 76' lang='lat' dir='ltr'>tuos</span> <span class='ocrx_word' id='word_1_242' title='bbox 1060 2814 1372 2883; x_wconf 77' lang='lat' dir='ltr'>interclusi,</span> <span class='ocrx_word' id='word_1_243' title='bbox 1404 2822 1471 2869; x_wconf 76' lang='lat' dir='ltr'>ut</span> <span class='ocrx_word' id='word_1_244' title='bbox 1508 2815 1593 2869; x_wconf 85' lang='lat' dir='ltr'>ad</span> <span class='ocrx_word' id='word_1_245' title='bbox 1632 2833 1718 2870; x_wconf 85' lang='lat' dir='ltr'>me</span> <span class='ocrx_word' id='word_1_246' title='bbox 1758 2816 2015 2887; x_wconf 76' lang='lat' dir='ltr'>aspirare</span> 
     </span>
     <span class='ocr_line' id='line_1_34' title="bbox 324 2858 2017 2968; baseline -0.001 -17"><span class='ocrx_word' id='word_1_247' title='bbox 324 2913 442 2951; x_wconf 79' lang='lat' dir='ltr'>non</span> <span class='ocrx_word' id='word_1_248' title='bbox 457 2913 667 2968; x_wconf 74' lang='lat' dir='ltr'>posse-3.</span> <span class='ocrx_word' id='word_1_249' title='bbox 740 2893 1051 2963; x_wconf 87' lang='lat' dir='ltr'>Praeclare,</span> <span class='ocrx_word' id='word_1_250' title='bbox 1077 2893 1127 2949; x_wconf 91' lang='lat' dir='ltr'>si</span> <span class='ocrx_word' id='word_1_251' title='bbox 1148 2892 1347 2949; x_wconf 89' lang='lat' dir='ltr'>Aristo</span> <span class='ocrx_word' id='word_1_252' title='bbox 1358 2858 1553 2951; x_wconf 72' lang='lat' dir='ltr'>Chius</span> <span class='ocrx_word' id='word_1_253' title='bbox 1580 2900 1681 2950; x_wconf 91' lang='lat' dir='ltr'>aut</span> <span class='ocrx_word' id='word_1_254' title='bbox 1708 2893 1757 2951; x_wconf 86' lang='lat' dir='ltr'>si</span> <span class='ocrx_word' id='word_1_255' title='bbox 1785 2892 2017 2951; x_wconf 86' lang='lat' dir='ltr'>Stoicus</span> 
     </span>
     <span class='ocr_line' id='line_1_35' title="bbox 325 2970 2015 3049; baseline -0.002 -18"><span class='ocrx_word' id='word_1_256' title='bbox 325 2973 522 3031; x_wconf 90' lang='lat' dir='ltr'>Zenon</span> <span class='ocrx_word' id='word_1_257' title='bbox 552 2974 784 3044; x_wconf 89' lang='lat' dir='ltr'>diceret,</span> <span class='ocrx_word' id='word_1_258' title='bbox 810 2973 909 3049; x_wconf 89' lang='lat' dir='ltr'>qui</span> <span class='ocrx_word' id='word_1_259' title='bbox 931 2973 1042 3029; x_wconf 91' lang='lat' dir='ltr'>nisi</span> <span class='ocrx_word' id='word_1_260' title='bbox 1065 2971 1224 3049; x_wconf 92' lang='lat' dir='ltr'>quod</span> <span class='ocrx_word' id='word_1_261' title='bbox 1252 2980 1419 3049; x_wconf 89' lang='lat' dir='ltr'>turpe</span> <span class='ocrx_word' id='word_1_262' title='bbox 1450 2979 1599 3030; x_wconf 86' lang='lat' dir='ltr'>esset</span> <span class='ocrx_word' id='word_1_263' title='bbox 1626 2972 1769 3030; x_wconf 88' lang='lat' dir='ltr'>nihil</span> <span class='ocrx_word' id='word_1_264' title='bbox 1798 2970 2015 3029; x_wconf 89' lang='lat' dir='ltr'>malum</span> 
     </span>
     <span class='ocr_line' id='line_1_36' title="bbox 325 3050 2013 3129; baseline -0.002 -19"><span class='ocrx_word' id='word_1_265' title='bbox 325 3053 576 3111; x_wconf 90' lang='lat' dir='ltr'>duceret.</span> <span class='ocrx_word' id='word_1_266' title='bbox 647 3052 736 3111; x_wconf 87' lang='lat' dir='ltr'>Tu</span> <span class='ocrx_word' id='word_1_267' title='bbox 772 3072 923 3122; x_wconf 88' lang='lat' dir='ltr'>ver0,</span> <span class='ocrx_word' id='word_1_268' title='bbox 956 3052 1302 3120; x_wconf 89' lang='lat' dir='ltr'>Metrodore,</span> <span class='ocrx_word' id='word_1_269' title='bbox 1334 3052 1435 3129; x_wconf 91' lang='lat' dir='ltr'>qui</span> <span class='ocrx_word' id='word_1_270' title='bbox 1478 3071 1649 3109; x_wconf 85' lang='lat' dir='ltr'>omne</span> <span class='ocrx_word' id='word_1_271' title='bbox 1691 3050 1911 3108; x_wconf 89' lang='lat' dir='ltr'>bonum</span> <span class='ocrx_word' id='word_1_272' title='bbox 1952 3051 2013 3108; x_wconf 91' lang='lat' dir='ltr'>in</span> 
     </span>
     <span class='ocr_line' id='line_1_37' title="bbox 326 3126 2014 3208; baseline -0.003 -17"><span class='ocrx_word' id='word_1_273' title='bbox 326 3132 640 3191; x_wconf 89' lang='lat' dir='ltr'>visceribus</span> <span class='ocrx_word' id='word_1_274' title='bbox 675 3126 1054 3208; x_wconf 88' lang='lat' dir='ltr'>medullisque</span> <span class='ocrx_word' id='word_1_275' title='bbox 1092 3132 1420 3188; x_wconf 74' lang='lat' dir='ltr'>condideris</span> <span class='ocrx_word' id='word_1_276' title='bbox 1452 3139 1513 3188; x_wconf 86' lang='lat' dir='ltr'>ot</span> <span class='ocrx_word' id='word_1_277' title='bbox 1546 3130 1832 3189; x_wconf 86' lang='lat' dir='ltr'>definieris</span> <span class='ocrx_word' id='word_1_278' title='bbox 1865 3149 2014 3187; x_wconf 90' lang='lat' dir='ltr'>sum-</span> 
     </span>
    </p>
   </div>
   <div class='ocr_carea' id='block_1_5' title="bbox 326 3208 2013 3329">
    <p class='ocr_par' dir='ltr' id='par_1_5' title="bbox 326 3208 2013 3329">
     <span class='ocr_line' id='line_1_38' title="bbox 326 3208 2013 3329; baseline -0.003 -57"><span class='ocrx_word' id='word_1_279' title='bbox 326 3233 492 3273; x_wconf 89' lang='lat' dir='ltr'>mum</span> <span class='ocrx_word' id='word_1_280' title='bbox 523 3212 740 3269; x_wconf 89' lang='lat' dir='ltr'>bonum</span> <span class='ocrx_word' id='word_1_281' title='bbox 772 3210 937 3266; x_wconf 87' lang='lat' dir='ltr'>firma</span> <span class='ocrx_word' id='word_1_282' title='bbox 963 3212 1263 3329; x_wconf 53' lang='lat' dir='ltr'>corporis</span> <span class='ocrx_word' id='word_1_283' title='bbox 1248 3210 1575 3267; x_wconf 80' lang='lat' dir='ltr'>adfectione</span> <span class='ocrx_word' id='word_1_284' title='bbox 1605 3208 2013 3285; x_wconf 82' lang='lat' dir='ltr'>explorataque</span> 
     </span>
    </p>
   </div>
  </div>
 </body>
</html>
