2235 3581
847 159 985 210 ΗΒ.
1017 160 1085 221 1.,
1113 159 1270 210 CAP.
1305 160 1347 208 1.
1911 160 1945 206 3

257 271 367 312 tam
383 276 544 326 pauca
565 268 617 310 et
641 275 809 324 parva,
837 267 896 309 ut
919 259 1167 308 malorum
1193 266 1245 308 et
1268 258 1615 320 magnitudine
1640 266 1693 308 et
1718 257 1946 308 multitu-

257 329 378 377 dine
404 329 696 386 obruantur,
723 335 876 389 atque
901 333 1062 374 morte
1088 325 1261 374 omnia
1284 324 1421 373 mala
1444 333 1497 373 et
1522 325 1741 388 pericula
1767 324 1939 384 effugi,

257 410 366 457 cap.
396 395 577 442 34-36.
650 392 816 440 Nullis
842 391 983 439 bonis
1007 391 1153 439 rebus
1180 405 1349 439 carere
1370 400 1605 448 mortuos,
1623 390 1755 453 quod
1778 403 1947 438 carere

258 460 302 508 is
337 460 540 507 demum
573 457 786 517 dicatur,
819 456 899 504 cui
949 456 1080 504 desit
1119 455 1251 519 quod
1290 456 1555 517 desideret,
1587 471 1693 520 cap.
1724 457 1806 514 36,
1838 456 1946 504 sine

257 541 405 574 sensu
434 533 604 572 autem
629 537 738 571 esse
761 522 887 570 nihil
914 521 1096 570 habere
1124 521 1227 569 odii
1256 529 1379 582 tum,
1404 537 1519 570 cum
1547 535 1718 570 sensns
1748 520 1947 569 ablatus

259 592 338 650 sit,
361 605 468 652 cap.
492 591 572 638 37.
647 589 727 638 Ac
749 596 1010 650 propterea
1030 601 1229 635 omnem
1251 597 1440 635 metum
1465 586 1639 635 mortis
1660 586 1945 648 pellendum

255 671 366 704 oese
386 670 549 718 neque
567 653 804 702 miserum
819 653 1096 715 putandum
1117 661 1316 700 mature
1338 652 1465 700 mori
1482 663 1551 712 et,
1570 661 1627 700 ut
1649 652 1805 712 aiunt,
1828 663 1949 700 ante

259 730 476 784 tempus,
497 719 632 784 quod
655 719 846 767 nullum
863 726 1055 767 certum
1072 717 1270 766 vivendi
1294 717 1513 780 spatium
1533 727 1716 766 natura
1733 717 1942 777 dederit,

259 787 348 835 sed
392 787 638 834 incertam
680 785 814 833 vitae
873 799 1088 843 usuram,
1124 798 1231 845 cap.
1266 785 1441 832 39-41.
1515 783 1597 832 De
1652 783 1947 831 humatione

257 860 426 900 autem
451 859 502 899 et
525 850 778 912 sepultura
798 864 898 897 non
921 863 1029 897 esse
1050 848 1395 909 laborandum,
1423 849 1556 911 quod
1579 848 1704 896 nihil
1726 848 1788 896 ad
1812 864 1947 895 mor-

257 925 400 965 tuum
449 916 712 978 pertineat,
740 930 845 977 cap.
879 915 1060 974 42-45,
1092 929 1297 976 operam
1345 915 1511 976 potius
1557 913 1777 962 dandam
1816 929 1941 973 esse,

256 990 316 1031 ut
334 981 639 1030 laudabilem
656 981 812 1028 vitam
836 980 1052 1040 gloriosa
1078 980 1274 1028 ratione
1294 979 1555 1028 finiamus:
1593 995 1707 1028 enm
1730 995 1837 1028 esse
1859 995 1947 1041 op-

258 1048 434 1096 timam
453 1063 613 1110 aequo
631 1047 800 1094 animo
817 1045 1125 1108 oppetendae
1146 1046 1323 1094 mortis
1344 1045 1604 1104 rationem,
1622 1060 1729 1107 cap.
1754 1046 1836 1106 46,
1859 1047 1939 1093 47.

258 1114 457 1176 Epilogi
481 1113 593 1161 loco
609 1113 901 1160 adferuntur
922 1110 1141 1173 ipsorum
1164 1111 1374 1159 deorum
1392 1110 1455 1159 de
1475 1121 1637 1159 morte
1659 1111 1948 1160 testimonia

259 1188 311 1227 et
343 1179 608 1227 hominum
641 1178 705 1226 de
736 1185 901 1226 morte
933 1191 1024 1239 pro
1056 1177 1221 1239 patria
1254 1176 1477 1240 oppetita
1510 1177 1803 1238 sententiae,
1832 1191 1940 1239 cap.

259 1246 342 1305 48,
369 1247 450 1293 49.

342 1368 388 1426 Ι.
477 1373 528 1425 1.
574 1366 723 1425 Cum
757 1366 1163 1425 defensionum
1203 1365 1495 1424 laboribus
1534 1367 1947 1445 senatoriisque

259 1448 594 1506 muneribus
633 1453 734 1505 aut
775 1448 1012 1505 omnino
1055 1453 1157 1505 aut
1196 1466 1409 1525 magna
1450 1466 1521 1505 ex
1560 1454 1723 1524 parte
1765 1468 1947 1506 essem

260 1528 571 1606 aliquando
617 1527 908 1597 liberatuS‚
944 1526 1143 1584 rettuli
1188 1547 1301 1598 me,
1336 1527 1537 1598 Brute,
1571 1535 1631 1584 te
1678 1527 1947 1587 hortante

259 1609 510 1666 maxime
550 1608 626 1666 ad
666 1627 734 1665 ea
773 1606 982 1679 studia,
1019 1626 1165 1685 quae
1202 1614 1429 1664 retenta
1468 1606 1680 1679 anim0,
1713 1609 1949 1668 remissa

256 1687 635 1766 temporibus,
667 1687 844 1765 longo
872 1687 1173 1745 intervallo
1202 1687 1529 1745 intermissa
1560 1689 1837 1760 revocavi,
1869 1697 1944 1762 et,

256 1789 394 1827 cum
433 1769 692 1827 omnium
727 1768 958 1841 artium,
989 1787 1135 1846 quae
1172 1767 1247 1825 ad
1279 1775 1495 1827 rectam
1528 1769 1761 1828 vivendi
1792 1771 1946 1829 viam

258 1850 628 1926 pertinerent,
677 1849 826 1907 ratio
882 1854 941 1907 ct
1000 1849 1305 1926 disciplina
1364 1849 1559 1907 studio
1615 1852 1942 1929 sapientiae,

261 1932 428 2007 quae'
465 1929 838 2007 philosophia
891 1928 1119 2000 dicitur,
1171 1930 1577 2002 contineretur,
1628 1931 1739 1989 hoc
1800 1932 1946 1989 mihi

259 2008 482 2067 Latinis
513 2009 722 2067 litteris
753 2009 1157 2067 illustrandum
1192 2010 1409 2085 putavi,
1442 2030 1561 2069 non
1596 2012 1733 2089 quia
1762 2012 1949 2089 philo-

261 2089 466 2167 sophia
496 2088 730 2147 Graecis
761 2096 820 2147 et
859 2089 1068 2147 litteris
1108 2094 1167 2147 et
1208 2089 1543 2149 doctoribus
1574 2094 1795 2169 percipi
1828 2112 1945 2149 non

255 2176 474 2245 posset,
505 2169 606 2227 sed
657 2188 854 2227 meum
897 2188 1123 2247 semper
1155 2169 1435 2228 iudicium
1469 2172 1585 2229 fuit
1620 2174 1817 2230 omnia
1848 2192 1947 2229 no-

261 2256 410 2307 stros
444 2257 544 2307 aut
583 2250 866 2307 invenisse
906 2268 1010 2327 per
1051 2269 1110 2308 se
1144 2252 1457 2327 sapientius
1492 2272 1664 2330 quam
1698 2253 1947 2310 Graecos

257 2336 364 2386 -aut
411 2336 646 2405 accepta
691 2330 764 2386 ab
812 2329 926 2387 illis
974 2330 1181 2411 fecisse
1227 2332 1482 2403 meliora,
1520 2352 1665 2409 quae
1711 2333 1945 2410 quidem
2006 2372 2023 2387 .

253 2409 440 2486 digna
488 2410 820 2467 statuissent
867 2410 930 2467 in
979 2409 1189 2487 quibus
1238 2411 1608 2471 elaborarent.
1696 2419 1749 2471 2.
1794 2413 1944 2470 Nam

259 2507 450 2546 mores
483 2496 543 2547 et
573 2489 844 2547 instituta
875 2490 1026 2549 vitae
1059 2510 1263 2569 resque
1304 2492 1650 2551 domesticas
1682 2514 1747 2551 ac
1781 2493 1947 2551 fami-

259 2568 426 2626 liares
459 2588 566 2626 nos
597 2570 860 2647 profecto
895 2577 954 2629 ct
986 2572 1193 2629 melius
1226 2579 1455 2629 tuemur
1482 2580 1539 2630 et
1566 2572 1794 2644 lamine,
1825 2594 1942 2630 rem

252 2668 396 2705 vero
430 2650 721 2726 publicam
755 2652 939 2708 nostri
972 2650 1219 2708 maiores
1252 2659 1405 2709 certe
1438 2653 1773 2711 melioribus
1805 2660 1948 2710 tem-

258 2736 602 2805 peraverunt
633 2737 693 2787 et
723 2730 1008 2789 institutis
1041 2736 1100 2789 et
1134 2730 1371 2809 legibus
1458 2732 1613 2801 Quid
1646 2732 1848 2811 loquar
1875 2734 1947 2789 de

257 2828 320 2866 re
374 2808 652 2867 militari?
710 2809 772 2868 in
829 2830 946 2888 qua
1000 2831 1133 2869 cum
1188 2812 1401 2869 virtute
1460 2814 1645 2870 nostri
1698 2814 1945 2871 multum

257 2888 559 2947 valuerunt
585 2896 713 2949 tum
741 2891 874 2968 plus
902 2892 1077 2949 etiam
1106 2891 1426 2969 disciplina.
1513 2892 1633 2949 Iam
1662 2893 1776 2963 illa,
1804 2912 1947 2971 quae

257 2977 478 3041 natura,
499 2990 620 3028 non
648 2971 856 3029 litteris
878 2971 1137 3029 adsecuti
1165 2979 1315 3041 sunt,
1340 2991 1527 3048 neque
1557 2991 1689 3029 cum
1710 2972 1949 3030 Graecia

256 3068 444 3127 neque
471 3050 590 3107 ulla
617 3070 750 3108 eum
783 3058 956 3127 gente
991 3058 1126 3109 sunt
1154 3051 1517 3109 conferenda.
1604 3051 1763 3119 Quae
1794 3052 1947 3107 enim

247 3136 420 3187 -tanta
474 3131 742 3208 gravitaS,
795 3150 940 3208 quae
996 3138 1161 3188 tanta
1220 3130 1559 3197 constantia,
1605 3128 1947 3201 magnitudo

257 3210 455 3280 animi,
491 3209 768 3286 probitaS,
803 3210 963 3278 fides,
1001 3228 1147 3283 quae
1188 3214 1310 3263 tam
1360 3206 1639 3275 excellens
1687 3206 1746 3257 in
1792 3201 1948 3256 omni
