<?xml version="1.0" encoding="UTF-8"?>
<!DOCTYPE html PUBLIC "-//W3C//DTD XHTML 1.0 Transitional//EN"
    "http://www.w3.org/TR/xhtml1/DTD/xhtml1-transitional.dtd">
<html xmlns="http://www.w3.org/1999/xhtml" xml:lang="en" lang="en">
 <head>
  <title>
</title>
<meta http-equiv="Content-Type" content="text/html;charset=utf-8" />
  <meta name='ocr-system' content='tesseract 3.04.00' />
  <meta name='ocr-capabilities' content='ocr_page ocr_carea ocr_par ocr_line ocrx_word'/>
</head>
<body>
  <div class='ocr_page' id='page_1' title='image "./tusculanarumdis06cicegoog_0032.png"; bbox 0 0 2235 3581; ppageno 0'>
   <div class='ocr_carea' id='block_1_1' title="bbox 221 147 1685 199">
    <p class='ocr_par' dir='ltr' id='par_1_1' title="bbox 221 147 1685 199">
     <span class='ocr_line' id='line_1_1' title="bbox 221 147 1685 199; baseline 0.001 -1"><span class='ocrx_word' id='word_1_1' title='bbox 221 151 286 198; x_wconf 80' lang='lat'>22</span> <span class='ocrx_word' id='word_1_2' title='bbox 444 147 1036 198; x_wconf 70' lang='lat' dir='ltr'><strong>TUSCULANARUM</strong></span> <span class='ocrx_word' id='word_1_3' title='bbox 1081 148 1245 199; x_wconf 88' lang='lat' dir='ltr'>DISP</span> <span class='ocrx_word' id='word_1_4' title='bbox 1252 147 1685 199; x_wconf 83' lang='lat' dir='ltr'><strong>UTATIONUM</strong></span> 
     </span>
    </p>
   </div>
   <div class='ocr_carea' id='block_1_2' title="bbox 215 248 1915 3275">
    <p class='ocr_par' dir='ltr' id='par_1_2' title="bbox 215 248 1913 2719">
     <span class='ocr_line' id='line_1_2' title="bbox 215 248 1905 326; baseline 0.002 -20"><span class='ocrx_word' id='word_1_5' title='bbox 215 257 422 326; x_wconf 84' lang='lat' dir='ltr'>patent</span> <span class='ocrx_word' id='word_1_6' title='bbox 461 248 537 306; x_wconf 87' lang='lat' dir='ltr'>ad</span> <span class='ocrx_word' id='word_1_7' title='bbox 578 249 834 308; x_wconf 88' lang='lat' dir='ltr'>animum</span> <span class='ocrx_word' id='word_1_8' title='bbox 877 268 912 306; x_wconf 89' lang='lat' dir='ltr'>a</span> <span class='ocrx_word' id='word_1_9' title='bbox 951 267 1207 325; x_wconf 87' lang='lat' dir='ltr'>corpore,</span> <span class='ocrx_word' id='word_1_10' title='bbox 1250 249 1621 306; x_wconf 89' lang='lat' dir='ltr'>callidissimo</span> <span class='ocrx_word' id='word_1_11' title='bbox 1664 249 1905 309; x_wconf 83' lang='lat' dir='ltr'>artificio</span> 
     </span>
     <span class='ocr_line' id='line_1_3' title="bbox 219 328 1908 406; baseline 0.001 -20"><span class='ocrx_word' id='word_1_12' title='bbox 219 335 424 386; x_wconf 88' lang='lat' dir='ltr'>natura</span> <span class='ocrx_word' id='word_1_13' title='bbox 449 328 729 386; x_wconf 81' lang='lat' dir='ltr'>fabricata</span> <span class='ocrx_word' id='word_1_14' title='bbox 756 335 858 397; x_wconf 79' lang='lat' dir='ltr'>est,</span> <span class='ocrx_word' id='word_1_15' title='bbox 882 335 1074 385; x_wconf 87' lang='lat' dir='ltr'>tamen</span> <span class='ocrx_word' id='word_1_16' title='bbox 1104 329 1345 385; x_wconf 89' lang='lat' dir='ltr'>terrenis</span> <span class='ocrx_word' id='word_1_17' title='bbox 1374 331 1766 406; x_wconf 80' lang='lat' dir='ltr'><strong>concretisque</strong></span> <span class='ocrx_word' id='word_1_18' title='bbox 1789 350 1908 387; x_wconf 90' lang='lat' dir='ltr'>cor-</span> 
     </span>
     <span class='ocr_line' id='line_1_4' title="bbox 220 407 1909 485; baseline 0.001 -21"><span class='ocrx_word' id='word_1_19' title='bbox 220 407 457 485; x_wconf 86' lang='lat' dir='ltr'>poribus</span> <span class='ocrx_word' id='word_1_20' title='bbox 507 415 642 466; x_wconf 90' lang='lat' dir='ltr'>sunt</span> <span class='ocrx_word' id='word_1_21' title='bbox 687 409 1035 484; x_wconf 66' lang='lat' dir='ltr'>intersaepta</span> <span class='ocrx_word' id='word_1_22' title='bbox 1077 409 1328 484; x_wconf 86' lang='lat' dir='ltr'>quodam</span> <span class='ocrx_word' id='word_1_23' title='bbox 1370 409 1582 465; x_wconf 85' lang='lat' dir='ltr'>modo:</span> <span class='ocrx_word' id='word_1_24' title='bbox 1640 429 1769 466; x_wconf 88' lang='lat' dir='ltr'>cum</span> <span class='ocrx_word' id='word_1_25' title='bbox 1814 430 1909 466; x_wconf 91' lang='lat' dir='ltr'>au-</span> 
     </span>
     <span class='ocr_line' id='line_1_5' title="bbox 220 487 1909 565; baseline 0.001 -21"><span class='ocrx_word' id='word_1_26' title='bbox 220 497 340 544; x_wconf 89' lang='lat' dir='ltr'>tem</span> <span class='ocrx_word' id='word_1_27' title='bbox 371 487 514 545; x_wconf 86' lang='lat' dir='ltr'><strong>nihil</strong></span> <span class='ocrx_word' id='word_1_28' title='bbox 545 487 654 546; x_wconf 85' lang='lat' dir='ltr'>erit</span> <span class='ocrx_word' id='word_1_29' title='bbox 685 496 909 565; x_wconf 82' lang='lat' dir='ltr'>praeter</span> <span class='ocrx_word' id='word_1_30' title='bbox 935 489 1211 557; x_wconf 88' lang='lat' dir='ltr'>animum,</span> <span class='ocrx_word' id='word_1_31' title='bbox 1242 488 1399 544; x_wconf 87' lang='lat' dir='ltr'>nulla</span> <span class='ocrx_word' id='word_1_32' title='bbox 1430 507 1519 544; x_wconf 87' lang='lat' dir='ltr'>res</span> <span class='ocrx_word' id='word_1_33' title='bbox 1548 489 1774 546; x_wconf 85' lang='lat' dir='ltr'>obiecta</span> <span class='ocrx_word' id='word_1_34' title='bbox 1804 491 1909 546; x_wconf 89' lang='lat' dir='ltr'>im-</span> 
     </span>
     <span class='ocr_line' id='line_1_6' title="bbox 219 567 1903 644; baseline 0.001 -20"><span class='ocrx_word' id='word_1_35' title='bbox 219 567 420 643; x_wconf 86' lang='lat' dir='ltr'>pediet</span> <span class='ocrx_word' id='word_1_36' title='bbox 439 587 554 644; x_wconf 85' lang='lat' dir='ltr'>quo</span> <span class='ocrx_word' id='word_1_37' title='bbox 577 568 768 626; x_wconf 89' lang='lat' dir='ltr'>minus</span> <span class='ocrx_word' id='word_1_38' title='bbox 788 568 1069 644; x_wconf 91' lang='lat' dir='ltr'>percipiat</span> <span class='ocrx_word' id='word_1_39' title='bbox 1091 567 1257 644; x_wconf 87' lang='lat' dir='ltr'>quale</span> <span class='ocrx_word' id='word_1_40' title='bbox 1282 567 1535 644; x_wconf 87' lang='lat' dir='ltr'>quidque</span> <span class='ocrx_word' id='word_1_41' title='bbox 1558 569 1648 625; x_wconf 88' lang='lat' dir='ltr'>sit.</span> <span class='ocrx_word' id='word_1_42' title='bbox 1735 569 1903 627; x_wconf 92' lang='lat' dir='ltr'>XXI.</span> 
     </span>
     <span class='ocr_line' id='line_1_7' title="bbox 221 646 1904 724; baseline 0.001 -20"><span class='ocrx_word' id='word_1_43' title='bbox 221 646 498 715; x_wconf 83' lang='lat' dir='ltr'>Quamvis</span> <span class='ocrx_word' id='word_1_44' title='bbox 531 648 763 724; x_wconf 84' lang='lat' dir='ltr'>copiose</span> <span class='ocrx_word' id='word_1_45' title='bbox 796 647 936 704; x_wconf 88' lang='lat' dir='ltr'>haec</span> <span class='ocrx_word' id='word_1_46' title='bbox 978 647 1313 718; x_wconf 75' lang='lat' dir='ltr'>diceremUS‚</span> <span class='ocrx_word' id='word_1_47' title='bbox 1350 647 1399 704; x_wconf 90' lang='lat' dir='ltr'>si</span> <span class='ocrx_word' id='word_1_48' title='bbox 1440 667 1529 704; x_wconf 84' lang='lat' dir='ltr'>res</span> <span class='ocrx_word' id='word_1_49' title='bbox 1570 649 1904 724; x_wconf 74' lang='lat' dir='ltr'><strong>postularet,</strong></span> 
     </span>
     <span class='ocr_line' id='line_1_8' title="bbox 221 726 1908 804; baseline 0.001 -20"><span class='ocrx_word' id='word_1_50' title='bbox 221 746 395 804; x_wconf 91' lang='lat' dir='ltr'>quam</span> <span class='ocrx_word' id='word_1_51' title='bbox 437 726 636 798; x_wconf 89' lang='lat' dir='ltr'>multa,</span> <span class='ocrx_word' id='word_1_52' title='bbox 669 746 839 804; x_wconf 84' lang='lat' dir='ltr'>quam</span> <span class='ocrx_word' id='word_1_53' title='bbox 869 727 1038 797; x_wconf 85' lang='lat' dir='ltr'>varia,</span> <span class='ocrx_word' id='word_1_54' title='bbox 1071 734 1287 804; x_wconf 81' lang='lat' dir='ltr'>quanta</span> <span class='ocrx_word' id='word_1_55' title='bbox 1318 727 1642 803; x_wconf 82' lang='lat' dir='ltr'>spectacula</span> <span class='ocrx_word' id='word_1_56' title='bbox 1681 729 1908 786; x_wconf 88' lang='lat' dir='ltr'>animus</span> 
     </span>
     <span class='ocr_line' id='line_1_9' title="bbox 220 806 1910 885; baseline 0.001 -23"><span class='ocrx_word' id='word_1_57' title='bbox 220 807 282 862; x_wconf 91' lang='lat' dir='ltr'>in</span> <span class='ocrx_word' id='word_1_58' title='bbox 316 807 456 864; x_wconf 90' lang='lat' dir='ltr'>locis</span> <span class='ocrx_word' id='word_1_59' title='bbox 499 807 836 864; x_wconf 85' lang='lat' dir='ltr'>caelestibus</span> <span class='ocrx_word' id='word_1_60' title='bbox 870 814 1018 864; x_wconf 89' lang='lat' dir='ltr'>esset</span> <span class='ocrx_word' id='word_1_61' title='bbox 1050 807 1366 864; x_wconf 67' lang='lat' dir='ltr'>habiturus</span> <span class='ocrx_word' id='word_1_62' title='bbox 1452 812 1545 864; x_wconf 89' lang='lat'>48.</span> <span class='ocrx_word' id='word_1_63' title='bbox 1584 806 1743 875; x_wconf 83' lang='lat' dir='ltr'>Quae</span> <span class='ocrx_word' id='word_1_64' title='bbox 1786 809 1910 885; x_wconf 89' lang='lat' dir='ltr'>qui-</span> 
     </span>
     <span class='ocr_line' id='line_1_10' title="bbox 221 885 1910 962; baseline 0.002 -20"><span class='ocrx_word' id='word_1_65' title='bbox 221 885 355 942; x_wconf 91' lang='lat' dir='ltr'>dem</span> <span class='ocrx_word' id='word_1_66' title='bbox 385 887 646 962; x_wconf 84' lang='lat' dir='ltr'>cogitans</span> <span class='ocrx_word' id='word_1_67' title='bbox 676 886 832 943; x_wconf 90' lang='lat' dir='ltr'>soleo</span> <span class='ocrx_word' id='word_1_68' title='bbox 865 905 1032 962; x_wconf 82' lang='lat' dir='ltr'>saepe</span> <span class='ocrx_word' id='word_1_69' title='bbox 1065 887 1261 944; x_wconf 86' lang='lat' dir='ltr'>mirari</span> <span class='ocrx_word' id='word_1_70' title='bbox 1293 905 1411 943; x_wconf 91' lang='lat' dir='ltr'>non</span> <span class='ocrx_word' id='word_1_71' title='bbox 1440 887 1730 945; x_wconf 89' lang='lat' dir='ltr'>nullorum</span> <span class='ocrx_word' id='word_1_72' title='bbox 1760 889 1910 945; x_wconf 86' lang='lat' dir='ltr'>inso-</span> 
     </span>
     <span class='ocr_line' id='line_1_11' title="bbox 221 964 1909 1058; baseline 0.001 -36"><span class='ocrx_word' id='word_1_73' title='bbox 221 964 460 1022; x_wconf 88' lang='lat' dir='ltr'>lentiam</span> <span class='ocrx_word' id='word_1_74' title='bbox 488 966 984 1042; x_wconf 89' lang='lat' dir='ltr'>philosophorum,</span> <span class='ocrx_word' id='word_1_75' title='bbox 1011 967 1110 1043; x_wconf 90' lang='lat' dir='ltr'>qui</span> <span class='ocrx_word' id='word_1_76' title='bbox 1138 973 1375 1023; x_wconf 88' lang='lat' dir='ltr'>naturae</span> <span class='ocrx_word' id='word_1_77' title='bbox 1376 967 1785 1058; x_wconf 77' lang='lat' dir='ltr'>cognitionem</span> <span class='ocrx_word' id='word_1_78' title='bbox 1813 967 1909 1024; x_wconf 88' lang='lat' dir='ltr'>ad·</span> 
     </span>
     <span class='ocr_line' id='line_1_12' title="bbox 223 1046 1909 1128; baseline 0.001 -27"><span class='ocrx_word' id='word_1_79' title='bbox 223 1046 505 1103; x_wconf 90' lang='lat' dir='ltr'>mirantur</span> <span class='ocrx_word' id='word_1_80' title='bbox 533 1047 768 1128; x_wconf 87' lang='lat' dir='ltr'>eiusque</span> <span class='ocrx_word' id='word_1_81' title='bbox 802 1046 1088 1103; x_wconf 79' lang='lat' dir='ltr'>inventori</span> <span class='ocrx_word' id='word_1_82' title='bbox 1116 1052 1176 1102; x_wconf 92' lang='lat' dir='ltr'>et</span> <span class='ocrx_word' id='word_1_83' title='bbox 1208 1046 1458 1123; x_wconf 87' lang='lat' dir='ltr'>principi</span> <span class='ocrx_word' id='word_1_84' title='bbox 1484 1047 1697 1123; x_wconf 81' lang='lat' dir='ltr'>gratias</span> <span class='ocrx_word' id='word_1_85' title='bbox 1726 1047 1909 1104; x_wconf 84' lang='lat' dir='ltr'>exsul-</span> 
     </span>
     <span class='ocr_line' id='line_1_13' title="bbox 222 1125 1910 1202; baseline 0.001 -20"><span class='ocrx_word' id='word_1_86' title='bbox 222 1132 412 1182; x_wconf 88' lang='lat' dir='ltr'>tantes</span> <span class='ocrx_word' id='word_1_87' title='bbox 441 1129 622 1202; x_wconf 85' lang='lat' dir='ltr'>agunt</span> <span class='ocrx_word' id='word_1_88' title='bbox 650 1144 895 1201; x_wconf 90' lang='lat' dir='ltr'>eumque</span> <span class='ocrx_word' id='word_1_89' title='bbox 924 1132 1267 1182; x_wconf 86' lang='lat' dir='ltr'>venerantur</span> <span class='ocrx_word' id='word_1_90' title='bbox 1292 1133 1359 1182; x_wconf 91' lang='lat' dir='ltr'>ut</span> <span class='ocrx_word' id='word_1_91' title='bbox 1388 1127 1593 1183; x_wconf 88' lang='lat' dir='ltr'>deum:</span> <span class='ocrx_word' id='word_1_92' title='bbox 1637 1125 1910 1184; x_wconf 86' lang='lat' dir='ltr'>liberatos</span> 
     </span>
     <span class='ocr_line' id='line_1_14' title="bbox 223 1205 1909 1282; baseline 0.002 -20"><span class='ocrx_word' id='word_1_93' title='bbox 223 1206 378 1262; x_wconf 90' lang='lat' dir='ltr'>enim</span> <span class='ocrx_word' id='word_1_94' title='bbox 407 1225 466 1262; x_wconf 91' lang='lat' dir='ltr'>se</span> <span class='ocrx_word' id='word_1_95' title='bbox 495 1225 598 1280; x_wconf 90' lang='lat' dir='ltr'>per</span> <span class='ocrx_word' id='word_1_96' title='bbox 625 1225 761 1263; x_wconf 89' lang='lat' dir='ltr'>eum</span> <span class='ocrx_word' id='word_1_97' title='bbox 787 1205 987 1262; x_wconf 90' lang='lat' dir='ltr'>dicunt</span> <span class='ocrx_word' id='word_1_98' title='bbox 1014 1206 1365 1282; x_wconf 88' lang='lat' dir='ltr'>gravissimis</span> <span class='ocrx_word' id='word_1_99' title='bbox 1394 1206 1661 1276; x_wconf 48' lang='lat' dir='ltr'>dominia</span> <span class='ocrx_word' id='word_1_100' title='bbox 1692 1213 1909 1265; x_wconf 86' lang='lat' dir='ltr'>terrore</span> 
     </span>
     <span class='ocr_line' id='line_1_15' title="bbox 223 1285 1911 1361; baseline 0.002 -20"><span class='ocrx_word' id='word_1_101' title='bbox 223 1285 573 1361; x_wconf 85' lang='lat' dir='ltr'>sempiterno</span> <span class='ocrx_word' id='word_1_102' title='bbox 609 1292 668 1342; x_wconf 90' lang='lat' dir='ltr'>et</span> <span class='ocrx_word' id='word_1_103' title='bbox 701 1285 908 1342; x_wconf 89' lang='lat' dir='ltr'>diurno</span> <span class='ocrx_word' id='word_1_104' title='bbox 951 1304 1015 1342; x_wconf 88' lang='lat' dir='ltr'>ac</span> <span class='ocrx_word' id='word_1_105' title='bbox 1058 1292 1342 1342; x_wconf 90' lang='lat' dir='ltr'>nocturno</span> <span class='ocrx_word' id='word_1_106' title='bbox 1366 1293 1555 1342; x_wconf 81' lang='lat' dir='ltr'>metu.</span> <span class='ocrx_word' id='word_1_107' title='bbox 1635 1285 1765 1354; x_wconf 84' lang='lat' dir='ltr'>Quo</span> <span class='ocrx_word' id='word_1_108' title='bbox 1798 1294 1911 1344; x_wconf 90' lang='lat' dir='ltr'>ter-</span> 
     </span>
     <span class='ocr_line' id='line_1_16' title="bbox 223 1365 1910 1443; baseline 0.002 -23"><span class='ocrx_word' id='word_1_109' title='bbox 223 1366 386 1421; x_wconf 65' lang='lat' dir='ltr'>rore?</span> <span class='ocrx_word' id='word_1_110' title='bbox 445 1384 559 1440; x_wconf 90' lang='lat' dir='ltr'>quo</span> <span class='ocrx_word' id='word_1_111' title='bbox 601 1366 798 1422; x_wconf 67' lang='lat' dir='ltr'>metu?</span> <span class='ocrx_word' id='word_1_112' title='bbox 858 1384 1001 1442; x_wconf 92' lang='lat' dir='ltr'>quae</span> <span class='ocrx_word' id='word_1_113' title='bbox 1047 1372 1134 1421; x_wconf 88' lang='lat' dir='ltr'>est</span> <span class='ocrx_word' id='word_1_114' title='bbox 1181 1383 1324 1421; x_wconf 90' lang='lat' dir='ltr'>anus</span> <span class='ocrx_word' id='word_1_115' title='bbox 1380 1373 1501 1423; x_wconf 89' lang='lat' dir='ltr'>tam</span> <span class='ocrx_word' id='word_1_116' title='bbox 1544 1365 1723 1423; x_wconf 89' lang='lat' dir='ltr'>delira</span> <span class='ocrx_word' id='word_1_117' title='bbox 1764 1386 1910 1443; x_wconf 88' lang='lat' dir='ltr'>quae</span> 
     </span>
     <span class='ocr_line' id='line_1_17' title="bbox 221 1444 1912 1521; baseline 0.002 -21"><span class='ocrx_word' id='word_1_118' title='bbox 221 1445 426 1502; x_wconf 86' lang='lat' dir='ltr'>timeat</span> <span class='ocrx_word' id='word_1_119' title='bbox 455 1445 580 1516; x_wconf 84' lang='lat' dir='ltr'>ista,</span> <span class='ocrx_word' id='word_1_120' title='bbox 609 1463 751 1521; x_wconf 90' lang='lat' dir='ltr'>quae</span> <span class='ocrx_word' id='word_1_121' title='bbox 774 1463 875 1501; x_wconf 89' lang='lat' dir='ltr'>vos</span> <span class='ocrx_word' id='word_1_122' title='bbox 897 1445 1177 1514; x_wconf 88' lang='lat' dir='ltr'>videlicet,</span> <span class='ocrx_word' id='word_1_123' title='bbox 1204 1445 1250 1500; x_wconf 90' lang='lat' dir='ltr'>si</span> <span class='ocrx_word' id='word_1_124' title='bbox 1272 1444 1514 1521; x_wconf 88' lang='lat' dir='ltr'>physica</span> <span class='ocrx_word' id='word_1_125' title='bbox 1540 1465 1658 1503; x_wconf 89' lang='lat' dir='ltr'>non</span> <span class='ocrx_word' id='word_1_126' title='bbox 1680 1447 1912 1503; x_wconf 88' lang='lat' dir='ltr'>didicis-</span> 
     </span>
     <span class='ocr_line' id='line_1_18' title="bbox 223 1524 1911 1599; baseline 0.001 -19"><span class='ocrx_word' id='word_1_127' title='bbox 223 1525 376 1597; x_wconf 86' lang='lat' dir='ltr'>setiS,</span> <span class='ocrx_word' id='word_1_128' title='bbox 413 1525 710 1592; x_wconf 81' lang='lat' dir='ltr'>timeretiS‚</span> <span class='ocrx_word' id='word_1_129' title='bbox 759 1524 1156 1582; x_wconf 75' lang='lat' dir='ltr'>“Acherunsia</span> <span class='ocrx_word' id='word_1_130' title='bbox 1194 1526 1402 1598; x_wconf 77' lang='lat' dir='ltr'>templa</span> <span class='ocrx_word' id='word_1_131' title='bbox 1434 1526 1560 1581; x_wconf 86' lang='lat' dir='ltr'>alta</span> <span class='ocrx_word' id='word_1_132' title='bbox 1600 1525 1749 1596; x_wconf 80' lang='lat' dir='ltr'>Orci,</span> <span class='ocrx_word' id='word_1_133' title='bbox 1776 1527 1911 1599; x_wconf 80' lang='lat' dir='ltr'>pal-</span> 
     </span>
     <span class='ocr_line' id='line_1_19' title="bbox 218 1604 1911 1683; baseline 0.001 -23"><span class='ocrx_word' id='word_1_134' title='bbox 218 1606 348 1660; x_wconf 75' lang='lat' dir='ltr'>lida</span> <span class='ocrx_word' id='word_1_135' title='bbox 376 1605 522 1677; x_wconf 83' lang='lat' dir='ltr'>Leti,</span> <span class='ocrx_word' id='word_1_136' title='bbox 555 1605 823 1662; x_wconf 72' lang='lat' dir='ltr'>obnubilet</span> <span class='ocrx_word' id='word_1_137' title='bbox 857 1605 1088 1661; x_wconf 77' lang='lat' dir='ltr'>tenebris</span> <span class='ocrx_word' id='word_1_138' title='bbox 1117 1606 1239 1660; x_wconf 82' lang='lat' dir='ltr'>loca</span> <span class='ocrx_word' id='word_1_139' title='bbox 1257 1604 1319 1661; x_wconf 73' lang='lat'><em>.2&#39;&#39;</em></span> <span class='ocrx_word' id='word_1_140' title='bbox 1405 1604 1541 1662; x_wconf 91' lang='lat' dir='ltr'>Non</span> <span class='ocrx_word' id='word_1_141' title='bbox 1568 1605 1751 1683; x_wconf 91' lang='lat' dir='ltr'>pudet</span> <span class='ocrx_word' id='word_1_142' title='bbox 1782 1605 1911 1682; x_wconf 90' lang='lat' dir='ltr'>phi-</span> 
     </span>
     <span class='ocr_line' id='line_1_20' title="bbox 218 1684 1911 1762; baseline 0.001 -21"><span class='ocrx_word' id='word_1_143' title='bbox 218 1684 531 1762; x_wconf 77' lang='lat' dir='ltr'>losophum</span> <span class='ocrx_word' id='word_1_144' title='bbox 573 1686 634 1741; x_wconf 91' lang='lat' dir='ltr'>in</span> <span class='ocrx_word' id='word_1_145' title='bbox 677 1705 746 1741; x_wconf 91' lang='lat' dir='ltr'>eo</span> <span class='ocrx_word' id='word_1_146' title='bbox 787 1685 1033 1760; x_wconf 86' lang='lat' dir='ltr'>gloriari,</span> <span class='ocrx_word' id='word_1_147' title='bbox 1069 1685 1227 1760; x_wconf 92' lang='lat' dir='ltr'>quod</span> <span class='ocrx_word' id='word_1_148' title='bbox 1267 1684 1407 1742; x_wconf 88' lang='lat' dir='ltr'>haec</span> <span class='ocrx_word' id='word_1_149' title='bbox 1447 1704 1566 1742; x_wconf 91' lang='lat' dir='ltr'>non</span> <span class='ocrx_word' id='word_1_150' title='bbox 1606 1686 1810 1743; x_wconf 88' lang='lat' dir='ltr'>timeat</span> <span class='ocrx_word' id='word_1_151' title='bbox 1850 1693 1911 1742; x_wconf 87' lang='lat' dir='ltr'>et</span> 
     </span>
     <span class='ocr_line' id='line_1_21' title="bbox 222 1764 1913 1843; baseline 0.001 -21"><span class='ocrx_word' id='word_1_152' title='bbox 222 1765 383 1842; x_wconf 90' lang='lat' dir='ltr'>quod</span> <span class='ocrx_word' id='word_1_153' title='bbox 415 1765 562 1822; x_wconf 87' lang='lat' dir='ltr'>falsa</span> <span class='ocrx_word' id='word_1_154' title='bbox 595 1783 716 1823; x_wconf 89' lang='lat' dir='ltr'>esse</span> <span class='ocrx_word' id='word_1_155' title='bbox 749 1765 1121 1841; x_wconf 65' lang='lat' dir='ltr'>cognoverit?</span> <span class='ocrx_word' id='word_1_156' title='bbox 1202 1764 1252 1821; x_wconf 92' lang='lat' dir='ltr'><strong>E</strong></span> <span class='ocrx_word' id='word_1_157' title='bbox 1288 1784 1403 1843; x_wconf 93' lang='lat' dir='ltr'>quo</span> <span class='ocrx_word' id='word_1_158' title='bbox 1434 1764 1693 1842; x_wconf 78' lang='lat' dir='ltr'>intellegi</span> <span class='ocrx_word' id='word_1_159' title='bbox 1720 1773 1913 1843; x_wconf 85' lang='lat' dir='ltr'>potest</span> 
     </span>
     <span class='ocr_line' id='line_1_22' title="bbox 225 1844 1910 1922; baseline 0.001 -20"><span class='ocrx_word' id='word_1_160' title='bbox 225 1864 398 1921; x_wconf 89' lang='lat' dir='ltr'>quam</span> <span class='ocrx_word' id='word_1_161' title='bbox 431 1846 584 1903; x_wconf 89' lang='lat' dir='ltr'>acuti</span> <span class='ocrx_word' id='word_1_162' title='bbox 619 1855 823 1902; x_wconf 88' lang='lat' dir='ltr'>natura</span> <span class='ocrx_word' id='word_1_163' title='bbox 856 1845 986 1916; x_wconf 89' lang='lat' dir='ltr'>sint,</span> <span class='ocrx_word' id='word_1_164' title='bbox 1013 1846 1286 1922; x_wconf 84' lang='lat' dir='ltr'>quoniam</span> <span class='ocrx_word' id='word_1_165' title='bbox 1322 1846 1462 1903; x_wconf 88' lang='lat' dir='ltr'>haec</span> <span class='ocrx_word' id='word_1_166' title='bbox 1496 1846 1620 1903; x_wconf 90' lang='lat' dir='ltr'>sine</span> <span class='ocrx_word' id='word_1_167' title='bbox 1648 1844 1910 1903; x_wconf 87' lang='lat' dir='ltr'>doctrina</span> 
     </span>
     <span class='ocr_line' id='line_1_23' title="bbox 225 1925 1907 1983; baseline 0.001 -2"><span class='ocrx_word' id='word_1_168' title='bbox 225 1926 496 1983; x_wconf 86' lang='lat' dir='ltr'>credituri</span> <span class='ocrx_word' id='word_1_169' title='bbox 544 1926 794 1983; x_wconf 83' lang='lat' dir='ltr'>fuerunt.</span> <span class='ocrx_word' id='word_1_170' title='bbox 895 1930 970 1981; x_wconf 87' lang='lat'>49</span> <span class='ocrx_word' id='word_1_171' title='bbox 988 1969 1001 1982; x_wconf 91' lang='lat'><strong>.</strong></span> <span class='ocrx_word' id='word_1_172' title='bbox 1053 1925 1419 1983; x_wconf 86' lang='lat' dir='ltr'>Praeclarum</span> <span class='ocrx_word' id='word_1_173' title='bbox 1468 1932 1659 1983; x_wconf 87' lang='lat' dir='ltr'>autem</span> <span class='ocrx_word' id='word_1_174' title='bbox 1715 1926 1907 1983; x_wconf 87' lang='lat' dir='ltr'>nescio</span> 
     </span>
     <span class='ocr_line' id='line_1_24' title="bbox 219 2005 1909 2083; baseline 0 -22"><span class='ocrx_word' id='word_1_175' title='bbox 219 2006 367 2081; x_wconf 87' lang='lat' dir='ltr'>quid</span> <span class='ocrx_word' id='word_1_176' title='bbox 409 2006 604 2081; x_wconf 83' lang='lat' dir='ltr'>adepti</span> <span class='ocrx_word' id='word_1_177' title='bbox 647 2012 796 2076; x_wconf 87' lang='lat' dir='ltr'>sunt,</span> <span class='ocrx_word' id='word_1_178' title='bbox 834 2006 992 2082; x_wconf 91' lang='lat' dir='ltr'>quod</span> <span class='ocrx_word' id='word_1_179' title='bbox 1033 2005 1360 2063; x_wconf 89' lang='lat' dir='ltr'>didicerunt</span> <span class='ocrx_word' id='word_1_180' title='bbox 1400 2025 1476 2077; x_wconf 90' lang='lat' dir='ltr'>se,</span> <span class='ocrx_word' id='word_1_181' title='bbox 1514 2024 1645 2062; x_wconf 91' lang='lat' dir='ltr'>cum</span> <span class='ocrx_word' id='word_1_182' title='bbox 1678 2012 1909 2083; x_wconf 89' lang='lat' dir='ltr'>tempus</span> 
     </span>
     <span class='ocr_line' id='line_1_25' title="bbox 221 2084 1911 2162; baseline -0.002 -17"><span class='ocrx_word' id='word_1_183' title='bbox 221 2085 429 2145; x_wconf 86' lang='lat' dir='ltr'>mortis</span> <span class='ocrx_word' id='word_1_184' title='bbox 461 2086 724 2157; x_wconf 85' lang='lat' dir='ltr'>venisset,</span> <span class='ocrx_word' id='word_1_185' title='bbox 760 2091 918 2142; x_wconf 90' lang='lat' dir='ltr'>totos</span> <span class='ocrx_word' id='word_1_186' title='bbox 959 2104 1080 2142; x_wconf 89' lang='lat' dir='ltr'>esse</span> <span class='ocrx_word' id='word_1_187' title='bbox 1122 2086 1422 2162; x_wconf 78' lang='lat' dir='ltr'>perituros.</span> <span class='ocrx_word' id='word_1_188' title='bbox 1509 2084 1681 2153; x_wconf 84' lang='lat' dir='ltr'>Quod</span> <span class='ocrx_word' id='word_1_189' title='bbox 1721 2093 1787 2142; x_wconf 92' lang='lat' dir='ltr'>ut</span> <span class='ocrx_word' id='word_1_190' title='bbox 1827 2086 1911 2143; x_wconf 83' lang='lat' dir='ltr'>ita</span> 
     </span>
     <span class='ocr_line' id='line_1_26' title="bbox 223 2164 1911 2243; baseline 0.001 -22"><span class='ocrx_word' id='word_1_191' title='bbox 223 2164 527 2222; x_wconf 85' lang='lat' dir='ltr'>sit—nihil</span> <span class='ocrx_word' id='word_1_192' title='bbox 558 2166 712 2221; x_wconf 91' lang='lat' dir='ltr'>enim</span> <span class='ocrx_word' id='word_1_193' title='bbox 741 2166 1170 2243; x_wconf 82' lang='lat' dir='ltr'>pugno—quid</span> <span class='ocrx_word' id='word_1_194' title='bbox 1202 2165 1378 2223; x_wconf 90' lang='lat' dir='ltr'>habet</span> <span class='ocrx_word' id='word_1_195' title='bbox 1408 2166 1522 2222; x_wconf 89' lang='lat' dir='ltr'>ista</span> <span class='ocrx_word' id='word_1_196' title='bbox 1554 2185 1643 2222; x_wconf 91' lang='lat' dir='ltr'>res</span> <span class='ocrx_word' id='word_1_197' title='bbox 1676 2173 1775 2223; x_wconf 87' lang='lat' dir='ltr'>aut</span> <span class='ocrx_word' id='word_1_198' title='bbox 1801 2165 1911 2223; x_wconf 89' lang='lat' dir='ltr'>lae-</span> 
     </span>
     <span class='ocr_line' id='line_1_27' title="bbox 224 2244 1911 2323; baseline 0.001 -22"><span class='ocrx_word' id='word_1_199' title='bbox 224 2244 400 2303; x_wconf 82' lang='lat' dir='ltr'>tabile</span> <span class='ocrx_word' id='word_1_200' title='bbox 433 2250 534 2302; x_wconf 86' lang='lat' dir='ltr'>aut</span> <span class='ocrx_word' id='word_1_201' title='bbox 567 2244 917 2321; x_wconf 68' lang='lat' dir='ltr'>gloriosum?</span> <span class='ocrx_word' id='word_1_202' title='bbox 999 2246 1056 2303; x_wconf 92' lang='lat' dir='ltr'>N</span> <span class='ocrx_word' id='word_1_203' title='bbox 1059 2266 1123 2303; x_wconf 91' lang='lat' dir='ltr'>ec</span> <span class='ocrx_word' id='word_1_204' title='bbox 1156 2252 1351 2303; x_wconf 89' lang='lat' dir='ltr'>tamen</span> <span class='ocrx_word' id='word_1_205' title='bbox 1392 2245 1539 2301; x_wconf 91' lang='lat' dir='ltr'>mihi</span> <span class='ocrx_word' id='word_1_206' title='bbox 1582 2265 1715 2303; x_wconf 87' lang='lat' dir='ltr'>sane</span> <span class='ocrx_word' id='word_1_207' title='bbox 1750 2246 1911 2323; x_wconf 89' lang='lat' dir='ltr'>quid-</span> 
     </span>
     <span class='ocr_line' id='line_1_28' title="bbox 222 2324 1911 2402; baseline 0 -21"><span class='ocrx_word' id='word_1_208' title='bbox 222 2344 398 2401; x_wconf 86' lang='lat' dir='ltr'>quam</span> <span class='ocrx_word' id='word_1_209' title='bbox 433 2326 680 2383; x_wconf 88' lang='lat' dir='ltr'>occurrit</span> <span class='ocrx_word' id='word_1_210' title='bbox 721 2346 822 2383; x_wconf 90' lang='lat' dir='ltr'>cur</span> <span class='ocrx_word' id='word_1_211' title='bbox 862 2346 979 2383; x_wconf 90' lang='lat' dir='ltr'>non</span> <span class='ocrx_word' id='word_1_212' title='bbox 1019 2325 1389 2402; x_wconf 84' lang='lat' dir='ltr'>Pythagorae</span> <span class='ocrx_word' id='word_1_213' title='bbox 1432 2326 1507 2382; x_wconf 90' lang='lat' dir='ltr'>sit</span> <span class='ocrx_word' id='word_1_214' title='bbox 1549 2332 1607 2382; x_wconf 91' lang='lat' dir='ltr'>et</span> <span class='ocrx_word' id='word_1_215' title='bbox 1648 2324 1911 2382; x_wconf 84' lang='lat' dir='ltr'>Platonis</span> 
     </span>
     <span class='ocr_line' id='line_1_29' title="bbox 225 2405 1911 2463; baseline 0.001 -3"><span class='ocrx_word' id='word_1_216' title='bbox 225 2424 358 2461; x_wconf 87' lang='lat' dir='ltr'>vera</span> <span class='ocrx_word' id='word_1_217' title='bbox 378 2406 678 2462; x_wconf 88' lang='lat' dir='ltr'>sententia.</span> <span class='ocrx_word' id='word_1_218' title='bbox 763 2405 852 2463; x_wconf 89' lang='lat' dir='ltr'>Ut</span> <span class='ocrx_word' id='word_1_219' title='bbox 879 2406 1032 2462; x_wconf 90' lang='lat' dir='ltr'>enim</span> <span class='ocrx_word' id='word_1_220' title='bbox 1062 2405 1344 2461; x_wconf 88' lang='lat' dir='ltr'>rationem</span> <span class='ocrx_word' id='word_1_221' title='bbox 1374 2405 1543 2462; x_wconf 85' lang='lat' dir='ltr'>Plato</span> <span class='ocrx_word' id='word_1_222' title='bbox 1572 2405 1786 2461; x_wconf 88' lang='lat' dir='ltr'>nullam</span> <span class='ocrx_word' id='word_1_223' title='bbox 1816 2406 1911 2461; x_wconf 87' lang='lat' dir='ltr'>ad-</span> 
     </span>
     <span class='ocr_line' id='line_1_30' title="bbox 225 2484 1910 2561; baseline 0.002 -22"><span class='ocrx_word' id='word_1_224' title='bbox 225 2484 615 2541; x_wconf 84' lang='lat' dir='ltr'>ferret—vide</span> <span class='ocrx_word' id='word_1_225' title='bbox 645 2484 786 2560; x_wconf 90' lang='lat' dir='ltr'>quid</span> <span class='ocrx_word' id='word_1_226' title='bbox 818 2484 1043 2541; x_wconf 87' lang='lat' dir='ltr'>homini</span> <span class='ocrx_word' id='word_1_227' title='bbox 1076 2484 1539 2561; x_wconf 85' lang='lat' dir='ltr'>tribuam—ipsa</span> <span class='ocrx_word' id='word_1_228' title='bbox 1570 2485 1910 2542; x_wconf 83' lang='lat' dir='ltr'>auctoritate</span> 
     </span>
     <span class='ocr_line' id='line_1_31' title="bbox 227 2563 1909 2639; baseline 0.001 -20"><span class='ocrx_word' id='word_1_229' title='bbox 227 2582 318 2619; x_wconf 91' lang='lat' dir='ltr'>me</span> <span class='ocrx_word' id='word_1_230' title='bbox 346 2564 670 2639; x_wconf 82' lang='lat' dir='ltr'>frangeret:</span> <span class='ocrx_word' id='word_1_231' title='bbox 713 2570 806 2620; x_wconf 87' lang='lat' dir='ltr'>tot</span> <span class='ocrx_word' id='word_1_232' title='bbox 833 2571 1024 2620; x_wconf 86' lang='lat' dir='ltr'>autem</span> <span class='ocrx_word' id='word_1_233' title='bbox 1053 2564 1305 2621; x_wconf 89' lang='lat' dir='ltr'>rationes</span> <span class='ocrx_word' id='word_1_234' title='bbox 1332 2565 1542 2636; x_wconf 86' lang='lat' dir='ltr'>attulit,</span> <span class='ocrx_word' id='word_1_235' title='bbox 1564 2571 1629 2621; x_wconf 89' lang='lat' dir='ltr'>ut</span> <span class='ocrx_word' id='word_1_236' title='bbox 1656 2563 1799 2622; x_wconf 81' lang='lat' dir='ltr'>velle</span> <span class='ocrx_word' id='word_1_237' title='bbox 1826 2584 1909 2621; x_wconf 90' lang='lat' dir='ltr'>ce-</span> 
     </span>
     <span class='ocr_line' id='line_1_32' title="bbox 225 2642 1367 2719; baseline 0.002 -20"><span class='ocrx_word' id='word_1_238' title='bbox 225 2642 379 2711; x_wconf 83' lang='lat' dir='ltr'>teriS‚</span> <span class='ocrx_word' id='word_1_239' title='bbox 405 2642 516 2699; x_wconf 89' lang='lat' dir='ltr'>sibi</span> <span class='ocrx_word' id='word_1_240' title='bbox 544 2649 697 2699; x_wconf 89' lang='lat' dir='ltr'>certe</span> <span class='ocrx_word' id='word_1_241' title='bbox 725 2643 1070 2719; x_wconf 81' lang='lat' dir='ltr'>persuasisse</span> <span class='ocrx_word' id='word_1_242' title='bbox 1091 2643 1367 2701; x_wconf 88' lang='lat' dir='ltr'>videatur.</span> 
     </span>
    </p>

    <p class='ocr_par' dir='ltr' id='par_1_3' title="bbox 216 2685 1914 3275">
     <span class='ocr_line' id='line_1_33' title="bbox 221 2685 1909 2799; baseline 0.001 -22"><span class='ocrx_word' id='word_1_243' title='bbox 221 2756 228 2761; x_wconf 39' lang='grc' dir='ltr'><em>ν</em></span> <span class='ocrx_word' id='word_1_244' title='bbox 305 2685 506 2779; x_wconf 80' lang='lat' dir='ltr'>X&#39;XIL</span> <span class='ocrx_word' id='word_1_245' title='bbox 595 2728 688 2779; x_wconf 88' lang='grc'>50.</span> <span class='ocrx_word' id='word_1_246' title='bbox 735 2722 851 2780; x_wconf 87' lang='lat' dir='ltr'>Sed</span> <span class='ocrx_word' id='word_1_247' title='bbox 878 2722 1114 2799; x_wconf 89' lang='lat' dir='ltr'>plurimi</span> <span class='ocrx_word' id='word_1_248' title='bbox 1148 2731 1349 2781; x_wconf 86' lang='lat' dir='ltr'>contra</span> <span class='ocrx_word' id='word_1_249' title='bbox 1376 2722 1642 2781; x_wconf 88' lang='lat' dir='ltr'>nituntur</span> <span class='ocrx_word' id='word_1_250' title='bbox 1668 2723 1909 2779; x_wconf 82' lang='lat' dir='ltr'>animos-</span> 
     </span>
     <span class='ocr_line' id='line_1_34' title="bbox 217 2800 1913 2879; baseline 0 -20"><span class='ocrx_word' id='word_1_251' title='bbox 217 2821 331 2879; x_wconf 89' lang='lat' dir='ltr'>que</span> <span class='ocrx_word' id='word_1_252' title='bbox 382 2802 544 2878; x_wconf 90' lang='lat' dir='ltr'>quasi</span> <span class='ocrx_word' id='word_1_253' title='bbox 597 2800 785 2878; x_wconf 85' lang='lat' dir='ltr'>capite</span> <span class='ocrx_word' id='word_1_254' title='bbox 834 2800 1138 2857; x_wconf 87' lang='lat' dir='ltr'>damnatos</span> <span class='ocrx_word' id='word_1_255' title='bbox 1186 2806 1372 2858; x_wconf 91' lang='lat' dir='ltr'>morte</span> <span class='ocrx_word' id='word_1_256' title='bbox 1418 2800 1685 2872; x_wconf 85' lang='lat' dir='ltr'>multant,</span> <span class='ocrx_word' id='word_1_257' title='bbox 1727 2819 1913 2878; x_wconf 90' lang='lat' dir='ltr'>neque</span> 
     </span>
     <span class='ocr_line' id='line_1_35' title="bbox 217 2877 1915 2958; baseline -0.002 -18"><span class='ocrx_word' id='word_1_258' title='bbox 217 2881 376 2941; x_wconf 84' lang='lat' dir='ltr'>aliud</span> <span class='ocrx_word' id='word_1_259' title='bbox 404 2888 491 2939; x_wconf 86' lang='lat' dir='ltr'>est</span> <span class='ocrx_word' id='word_1_260' title='bbox 519 2880 836 2958; x_wconf 90' lang='lat' dir='ltr'>quidquam</span> <span class='ocrx_word' id='word_1_261' title='bbox 870 2900 971 2937; x_wconf 86' lang='lat' dir='ltr'>cur</span> <span class='ocrx_word' id='word_1_262' title='bbox 998 2877 1391 2936; x_wconf 87' lang='lat' dir='ltr'>incredibilis</span> <span class='ocrx_word' id='word_1_263' title='bbox 1376 2880 1447 2937; x_wconf 77' lang='lat' dir='ltr'>iis</span> <span class='ocrx_word' id='word_1_264' title='bbox 1481 2880 1805 2937; x_wconf 88' lang='lat' dir='ltr'>animorum</span> <span class='ocrx_word' id='word_1_265' title='bbox 1834 2882 1915 2937; x_wconf 89' lang='lat' dir='ltr'>vi-</span> 
     </span>
     <span class='ocr_line' id='line_1_36' title="bbox 216 2960 1913 3037; baseline -0.001 -18"><span class='ocrx_word' id='word_1_266' title='bbox 216 2962 422 3020; x_wconf 90' lang='lat' dir='ltr'>deatur</span> <span class='ocrx_word' id='word_1_267' title='bbox 457 2961 764 3020; x_wconf 88' lang='lat' dir='ltr'>aeternitas</span> <span class='ocrx_word' id='word_1_268' title='bbox 797 2960 908 3017; x_wconf 91' lang='lat' dir='ltr'>nisi</span> <span class='ocrx_word' id='word_1_269' title='bbox 947 2960 1105 3037; x_wconf 91' lang='lat' dir='ltr'>quod</span> <span class='ocrx_word' id='word_1_270' title='bbox 1139 2967 1433 3035; x_wconf 90' lang='lat' dir='ltr'>nequeunt</span> <span class='ocrx_word' id='word_1_271' title='bbox 1468 2960 1649 3035; x_wconf 88' lang='lat' dir='ltr'>qualis</span> <span class='ocrx_word' id='word_1_272' title='bbox 1686 2960 1913 3017; x_wconf 88' lang='lat' dir='ltr'>animus</span> 
     </span>
     <span class='ocr_line' id='line_1_37' title="bbox 221 3039 1914 3117; baseline 0 -20"><span class='ocrx_word' id='word_1_273' title='bbox 221 3042 297 3098; x_wconf 89' lang='lat' dir='ltr'>sit</span> <span class='ocrx_word' id='word_1_274' title='bbox 323 3060 529 3099; x_wconf 84' lang='lat' dir='ltr'>vacans</span> <span class='ocrx_word' id='word_1_275' title='bbox 563 3060 800 3115; x_wconf 85' lang='lat' dir='ltr'>corpore</span> <span class='ocrx_word' id='word_1_276' title='bbox 827 3039 1159 3114; x_wconf 86' lang='lat' dir='ltr'>intellegere</span> <span class='ocrx_word' id='word_1_277' title='bbox 1192 3046 1251 3093; x_wconf 90' lang='lat' dir='ltr'>et</span> <span class='ocrx_word' id='word_1_278' title='bbox 1278 3040 1629 3114; x_wconf 88' lang='lat' dir='ltr'>cogitatione</span> <span class='ocrx_word' id='word_1_279' title='bbox 1658 3058 1914 3117; x_wconf 88' lang='lat' dir='ltr'>compre-</span> 
     </span>
     <span class='ocr_line' id='line_1_38' title="bbox 220 3116 1913 3196; baseline 0.001 -21"><span class='ocrx_word' id='word_1_280' title='bbox 220 3120 485 3177; x_wconf 90' lang='lat' dir='ltr'>hendere.</span> <span class='ocrx_word' id='word_1_281' title='bbox 572 3119 746 3187; x_wconf 81' lang='lat' dir='ltr'>Quasi</span> <span class='ocrx_word' id='word_1_282' title='bbox 790 3138 924 3175; x_wconf 88' lang='lat' dir='ltr'>vero</span> <span class='ocrx_word' id='word_1_283' title='bbox 965 3116 1303 3191; x_wconf 86' lang='lat' dir='ltr'>intellegant</span> <span class='ocrx_word' id='word_1_284' title='bbox 1342 3116 1524 3193; x_wconf 87' lang='lat' dir='ltr'>qualis</span> <span class='ocrx_word' id='word_1_285' title='bbox 1566 3118 1641 3175; x_wconf 88' lang='lat' dir='ltr'>sit</span> <span class='ocrx_word' id='word_1_286' title='bbox 1682 3120 1738 3175; x_wconf 88' lang='lat' dir='ltr'>in</span> <span class='ocrx_word' id='word_1_287' title='bbox 1783 3122 1913 3196; x_wconf 90' lang='lat' dir='ltr'>ipso</span> 
     </span>
     <span class='ocr_line' id='line_1_39' title="bbox 221 3197 1913 3275; baseline -0.001 -19"><span class='ocrx_word' id='word_1_288' title='bbox 221 3217 476 3275; x_wconf 86' lang='lat' dir='ltr'>corpore,</span> <span class='ocrx_word' id='word_1_289' title='bbox 509 3217 652 3275; x_wconf 84' lang='lat' dir='ltr'>quae</span> <span class='ocrx_word' id='word_1_290' title='bbox 691 3197 1092 3264; x_wconf 82' lang='lat' dir='ltr'>conformati0‚</span> <span class='ocrx_word' id='word_1_291' title='bbox 1126 3214 1270 3271; x_wconf 86' lang='lat' dir='ltr'>quae</span> <span class='ocrx_word' id='word_1_292' title='bbox 1309 3197 1666 3272; x_wconf 85' lang='lat' dir='ltr'>magnitudo,</span> <span class='ocrx_word' id='word_1_293' title='bbox 1698 3202 1796 3272; x_wconf 86' lang='lat' dir='ltr'>qui</span> <span class='ocrx_word' id='word_1_294' title='bbox 1834 3198 1913 3255; x_wconf 93' lang='lat' dir='ltr'>lo-</span> 
     </span>
    </p>
   </div>
  </div>
 </body>
</html>
