2235 3581
677 159 817 208 LIB.
856 159 942 220 V„
977 159 1136 208 CAP.
1172 159 1595 210 xxa-XXIV.
1891 165 1982 212 171

289 261 718 331 commercium,
752 261 850 337 qui
883 280 944 318 se
976 279 1095 318 non
1132 261 1283 318 hunc
1318 261 1788 324 mathematicum
1822 262 1987 320 malit

289 361 464 420 quam
497 341 660 416 illum
691 342 1045 430 tyrannum?
1129 341 1191 398 Si
1220 341 1369 399 vitae
1404 342 1643 399 modum
1678 342 1985 399 actionem-

289 442 400 500 que
421 423 762 500 quaerimuS,
781 399 1014 478 alterius
1043 439 1205 478 mens
1232 421 1552 478 rationibus
1580 423 1867 499 agitandis
1896 442 1987 479 ex-

290 503 698 580 quii-endisque
754 501 1012 559 alebat-ur
1059 521 1191 558 cum
1244 501 1626 560 oblectatione
1682 503 1981 574 sollertiae,

291 583 392 661 qui
433 590 520 639 est
553 602 702 639 unus
745 581 1114 638 suavissimus
1148 589 1345 658 pastus
1380 583 1721 653 animorum,
1754 583 1985 640 alterius

290 663 349 720 in
379 663 552 720 caede
580 669 640 719 et
667 661 892 718 iniuriis
919 681 1052 718 cum
1087 669 1146 718 et
1174 662 1381 718 diurno
1410 669 1469 719 et
1489 670 1773 719 nocturno
1802 670 1982 721 meta.

289 743 422 820 Age
443 743 644 800 confer
664 742 1084 812 Democritum,
1107 741 1520 818 Pythagoram,
1543 741 1945 820 Anaxagoram
1970 763 1983 800 :

291 843 436 900 quae
465 842 656 900 regna,
684 841 824 899 qua3
860 841 1000 898 opes
1034 822 1243 878 studiis
1276 841 1475 879 eorum
1509 829 1567 880 et
1596 823 1987 880 delectationi-

290 903 398 960 bus
435 903 788 979 antepones?
873 903 966 959 67.
1013 901 1243 959 Etenim
1282 921 1426 979 quae
1459 922 1591 980 pars
1635 903 1858 980 optima
1899 911 1987 961 est

291 984 352 1040 in
388 983 638 1053 homine,
671 983 730 1038 in
766 1001 834 1039 ea
867 982 1044 1038 situm
1079 1001 1201 1038 esse
1244 1001 1471 1040 necesse
1514 990 1599 1040 est
1634 984 1793 1055 illud,
1828 984 1987 1061 quod

293 1063 534 1141 quaeriS,
557 1063 864 1139 optimum.
952 1061 1108 1130 Quid
1138 1070 1223 1118 est
1252 1069 1445 1120 autem
1475 1063 1534 1119 in
1564 1063 1799 1121 homine
1830 1083 1987 1141 saga-

291 1145 345 1200 ci
373 1163 440 1200 ac
467 1143 620 1200 bona
647 1150 840 1200 mente
872 1142 1112 1199 melius?
1195 1141 1335 1198 Eius
1368 1142 1524 1199 bono
1552 1143 1861 1201 fruendum
1900 1152 1998 1213 est·

289 1224 486 1301 igitur,
519 1223 566 1279 si
600 1222 754 1280 beati
787 1242 908 1280 esse
944 1222 1241 1280 volumus:
1286 1222 1505 1279 bonum
1548 1230 1740 1280 autem
1775 1225 1985 1282 mentis

291 1311 382 1361 est
408 1303 621 1360 virtus:
666 1322 802 1380 ergo
832 1303 938 1360 hac
971 1302 1199 1361 beatam
1232 1303 1408 1359 vitam
1442 1303 1725 1360 contineri
1758 1323 1986 1361 necesse

291 1391 395 1442 est.
481 1383 638 1440 Hinc
688 1383 898 1453 omnia,
937 1402 1082 1460 quae
1125 1382 1376 1460 pulchra,
1409 1382 1663 1453 honesta,
1701 1383 1987 1460 praeclara

291 1469 444 1535 sunt,
469 1471 535 1520 ut
569 1483 740 1540 supra
773 1463 910 1534 dixi,
943 1463 1044 1520 sed
1079 1463 1389 1520 dicendum
1426 1462 1579 1520 idem
1615 1463 1760 1521 illud
1792 1464 1984 1540 paullo

289 1543 524 1602 uberius
557 1542 799 1613 videtur,
830 1543 1002 1620 plena
1041 1543 1386 1619 gaudiorum
1429 1550 1578 1600 sunt.
1664 1543 1752 1600 Ex
1790 1563 1985 1621 perpe-

291 1625 410 1682 tuis
437 1630 627 1681 autem
659 1622 960 1700 plenisque
988 1623 1216 1700 gaudiis
1249 1642 1381 1680 cum
1406 1623 1772 1700 perspicuum
1805 1625 1880 1680 sit
1910 1625 1985 1681 vi-

291 1711 414 1762 tam
446 1704 672 1762 beatam
710 1703 995 1774 exsistere,
1026 1703 1286 1780 sequitur
1318 1710 1385 1760 ut
1418 1723 1485 1760 ea
1516 1703 1751 1762 exsistat
1789 1725 1857 1762 ex
1887 1705 1985 1762 ho-

293 1792 533 1843 nestate.
1630 1833 1643 1847 .

311 1900 317 1903 -
373 1864 602 1923 XXIV.
691 1870 784 1922 68.
831 1864 960 1935 Sed,
983 1884 1055 1921 ne
1085 1864 1273 1922 verbis
1302 1863 1488 1921 solum
1518 1865 1872 1942 attingamus
1900 1886 1981 1937 ea,

293 1966 438 2023 quae
473 1945 736 2002 volumus
775 1945 1091 2015 ostendere,
1124 1944 1502 2021 proponenda
1536 1946 1816 2023 quaedam
1853 1966 1984 2024 qua-

291 2028 341 2083 si
381 2026 676 2083 moventia
721 2032 869 2097 sunt,
907 2044 1052 2101 quae
1094 2044 1203 2081 nos
1244 2024 1430 2101 magis
1474 2026 1546 2082 ad
1590 2027 1984 2103 cognitionem

290 2106 859 2182 intellegentiamque
888 2112 1240 2163 convertant.
1328 2104 1601 2163 Sumatur
1628 2107 1780 2163 enim
1816 2106 1985 2163 nobis

292 2187 529 2265 quidam
575 2192 870 2263 praestans
910 2186 998 2242 vir
1041 2185 1281 2261 optimis
1322 2184 1541 2242 artibus
1582 2187 1744 2263 isque
1790 2186 1983 2243 animo

290 2285 600 2359 parumper
634 2272 692 2323 et
719 2265 1071 2341 cogitatione
1099 2264 1371 2356 fingatur..
1452 2264 1713 2322 Primum
1751 2266 1983 2342 ingenio

289 2347 504 2405 eximio
537 2346 616 2403 sit
648 2364 876 2402 necesse
910 2351 1025 2401 est:
1068 2345 1249 2402 trudis
1282 2345 1438 2402 enim
1480 2344 1771 2402 mentibus
1804 2346 1984 2403 virtus

289 2447 409 2484 non
451 2425 620 2483 facile
662 2425 999 2485 comitatur:
1044 2424 1253 2483 deinde
1296 2424 1370 2482 ad
1404 2425 1860 2501 investigandam
1895 2446 1985 2484 v-e

291 2508 522 2564 ritatem
565 2505 759 2563 studio
802 2505 1058 2562 incitato.
1147 2505 1233 2562 Ex
1269 2524 1384 2582 quo
1417 2505 1627 2583 triplex
1668 2505 1763 2563 ille
1805 2506 1985 2564 animi

290 2588 446 2644 fctus
469 2586 720 2656 exsistet,
747 2604 894 2641 unus
921 2586 981 2642 in
1012 2586 1344 2663 cognitione
1374 2605 1562 2644 rerum
1592 2587 1815 2663 positus
1844 2594 1901 2643 et
1923 2588 1983 2644 in

291 2666 674 2744 explicatione
701 2672 954 2736 naturae,
975 2666 1120 2723 alter
1147 2666 1207 2723 in
1231 2666 1616 2743 descriptione
1644 2667 1983 2744 expetenda-

291 2766 420 2803 rum
443 2745 922 2823 fugiendarumve
949 2766 1157 2816 rerum,
1182 2746 1386 2804 tertius
1413 2748 1475 2803 in
1503 2747 1813 2804 iudicando
1844 2746 1984 2823 quid

291 2827 499 2903 cuique
527 2826 611 2883 rei
639 2826 714 2883 sit
743 2845 1114 2903 consequenS,
1142 2825 1281 2903 quid
1308 2828 1727 2903 repugnanS,;in
1758 2846 1872 2903 quo
1902 2826 1985 2882 in-

291 2914 380 2964 est
409 2907 600 2963 omnis
627 2926 760 2963 cum
789 2905 1076 2963 subtilitas
1105 2906 1418 2963 disserendi
1446 2915 1571 2963 tum
1603 2906 1811 2963 veritas
1840 2905 1983 2963 iudi-

291 2986 478 3044 candi.
567 2992 659 3044 69.
698 2986 827 3077 Quo
849 2985 1086 3042 tandem
1115 2986 1296 3061 igitur
1322 2986 1535 3061 gaudio
1564 2985 1732 3053 adfici
1755 3004 1983 3043 necesse

291 3074 380 3125 est
410 3066 686 3144 sapientis
714 3066 972 3123 animum
1003 3086 1135 3122 cum
1158 3065 1247 3121 his
1269 3064 1625 3123 habitantem
1648 3072 1982 3141 pernoctan-

291 3154 528 3223 temque
570 3146 752 3204 curis!
796 3153 878 3215 ut,
909 3165 1041 3201 cum
1076 3145 1256 3201 totius
1291 3145 1493 3201 mundi
1526 3152 1720 3201 motus
1754 3163 1981 3201 conver-

294 3228 597 3302 sionesque
620 3224 971 3302 perspexerit
1001 3224 1297 3298 sideraque
1317 3223 1523 3279 viderit
1545 3222 1982 3280 innumerabilia
