2235 3581
260 157 355 206 140
481 157 528 206 T
535 155 1076 237 USCULANARUM
1105 155 1720 216 ‘DISPUTATIONUM

256 265 564 336 utrumque
587 259 948 315 immanitate
971 263 1028 314 et
1047 257 1279 317 feritate
1298 258 1543 334 quadam
1567 259 1951 336 proponenda

257 340 524 416 castigari
546 339 705 396 solet..
769 338 966 415 Atque
995 344 1061 394 ut
1089 337 1374 395 confidere
1397 338 1578 409 decet,
1600 339 1803 396 timere
1825 360 1946 398 non

255 420 437 489 decet,
469 420 550 478 sic
582 419 832 496 gaudere
865 419 1045 489 decet,
1076 417 1275 474 laetari
1309 437 1427 476 non
1460 419 1642 489 decet,
1670 421 1945 496 quoniam

256 499 500 557 docendi
530 519 700 556 eausa
727 519 761 556 a
787 498 1001 574 gaudio
1030 498 1305 555 laetitiam
1340 498 1765 576 distinguimus
1846 502 1943 560 67.

255 580 406 637 Illud
440 580 554 636 iam
591 599 762 656 supra
795 579 1064 650 diximua
1089 579 1543 636 contractionem
1578 581 1757 637 animi
1790 588 1946 639 recte

254 659 378 717 fieri
410 679 726 737 numquam
759 678 944 736 posse,
983 659 1291 717 elationem
1334 677 1538 736 posse:
1580 660 1746 719 aliter
1786 662 1943 718 enim

254 740 579 799 Naevianus
609 741 702 797 illc
731 739 945 816 gaudet
973 739 1228 797 Hector:

382 863 568 910 Laetus
593 877 701 910 sum
728 861 921 908 laudari
947 876 1028 909 me
1051 861 1139 909 abs
1166 868 1229 921 te,
1254 868 1411 924 pater,
1436 877 1468 909 a
1489 861 1693 910 laudato
1717 863 1837 924 viro,

252 962 416 1020 aliter
442 962 536 1019 ille
565 962 721 1039 apud
741 961 1018 1019 Trabeam
1042 980 1055 1018 ι

252 1086 394 1133 Lena
417 1084 636 1133 delenita
661 1093 866 1146 argento
889 1095 1068 1134 nutum
1093 1085 1375 1134 observabit
1396 1100 1581 1148 meum,

205 1171 209 1176 ·
252 1151 386 1211 Quid
419 1151 584 1210 velim,
615 1151 737 1214 quid
771 1151 1029 1200 studeam:
1085 1151 1355 1200 adveniens
1390 1152 1549 1213 digito
1581 1153 1834 1216 impellam
1868 1153 1941 1200 ia-

449 1232 598 1268 uuam

255 1283 412 1330 Fores
435 1254 703 1358 patebu’nt:
744 1283 843 1331 de
829 1283 1097 1346 improviso
1116 1283 1319 1346 (ἾΙιι)·εἰ3
1344 1283 1425 1331 ubi
1451 1298 1531 1332 me
1554 1283 1819 1346 aspexerit,

251 1347 448 1395 Alacris
473 1348 537 1396 ob
554 1349 688 1396 viam
715 1347 840 1396 mihi
858 1349 1024 1397 veniet
1047 1348 1364 1410 complexum
1392 1358 1635 1412 exoptans
1660 1363 1843 1410 meum,

251 1413 382 1460 Mihi
407 1429 458 1462 se
483 1414 644 1463 dedet.

253 1513 437 1582 Quam
467 1515 606 1572 haec
635 1514 874 1592 pulchra
902 1521 1070 1592 putet
1097 1515 1221 1592 ipse
1251 1516 1365 1571 iam
1396 1515 1577 1573 dicet:

545 1639 820 1686 Fortunam
843 1637 1003 1700 ipsam
1029 1637 1230 1686 anteibo
1254 1637 1465 1686 fortunis
1490 1638 1625 1686 meiS.

335 1747 594 1807 XXXII.
683 1754 775 1807 68.
822 1748 984 1807 Haec
1018 1748 1238 1807 lactitia
1266 1768 1435 1826 quam
1473 1749 1659 1827 turpis
1694 1748 1768 1807 sit
1803 1751 1943 1808 satis

253 1836 340 1887 est
362 1829 668 1905 diligenter
697 1830 1090 1887 attendentem
1116 1830 1347 1907 penitus
1369 1830 1576 1888 videre.
1634 1830 1712 1888 Et
1740 1838 1806 1888 ut
1827 1838 1944 1888 tur-

252 1929 354 1986 pes
390 1916 523 1966 sunt
559 1910 658 1987 qui
692 1910 939 1967 efferunt
981 1930 1040 1967 se
1074 1909 1296 1967 laetitia
1328 1917 1472 1982 tum,
1503 1930 1633 1967 cum
1668 1912 1943 1969 fruuntur

253 1989 520 2047 Veneriis
542 1989 950 2067 voluptatibuS‚
977 1990 1055 2047 sic
1077 1989 1368 2067 flagitiosi,
1392 1991 1490 2067 qui
1512 2010 1606 2047 eas
1627 1990 1945 2048 infiamma-

253 2077 315 2126 to
351 2071 544 2126 animo
585 2070 1013 2147 concupiscunt.
1092 2069 1277 2127 Totus
1304 2090 1439 2127 vero
1474 2071 1599 2141 iste,
1632 2072 1731 2148 qui
1766 2071 1942 2147 vulgo

253 2150 572 2227 appellatur
613 2169 960 2207 amor—nec
1005 2149 1233 2207 hercule
1279 2150 1511 2207 invenio
1548 2170 1662 2227 quo
1705 2152 1942 2209 nominc

253 2231 365 2287 alio
394 2231 577 2307 possit
611 2230 1163 2308 appellari—tantae
1192 2230 1443 2288 levitatis
1474 2238 1576 2302 est,
1602 2238 1667 2288 ut
1695 2230 1842 2287 nihil
1864 2233 1943 2287 vi-

253 2310 417 2368 deam
445 2311 601 2391 quod
629 2318 830 2389 put-em
861 2311 1291 2369 conferendum.
1363 2310 1549 2379 Quem
1574 2311 1862 2368 Caecilius

862 2423 1010 2471 deum
1035 2422 1121 2485 qui
1147 2437 1244 2469 non
1270 2437 1518 2470 summum
1545 2430 1706 2485 putet,

382 2489 491 2536 Aut
515 2488 722 2536 stultum
745 2497 830 2536 aut
853 2503 1018 2536 rerum
1043 2502 1151 2535 esse
1175 2488 1459 2550 imperitum
1485 2488 1775 2548 existumat,

386 2553 481 2600 Cui
503 2553 553 2599 in
578 2568 728 2601 manu
755 2554 823 2602 sit
848 2569 997 2616 quem
1019 2569 1127 2601 esse
1151 2554 1435 2602 dementem
1455 2553 1592 2614 velit,

383 2618 545 2677 Quem
571 2634 758 2680 sapere,
781 2634 927 2681 quem
955 2620 1187 2678 insanire,
1209 2634 1360 2681 quem
1384 2620 1434 2666 in
1461 2620 1688 2666 morbum
1714 2618 1867 2678 infici,

385 2685 543 2743 Quem
570 2694 744 2733 contra
767 2686 939 2745 amari,
965 2700 1114 2747 quem
1140 2686 1322 2747 expeti,
1346 2699 1491 2747 quem
1516 2685 1769 2733 arcessier.

257 2796 348 2851 6¹9.
387 2793 438 2852 O
463 2795 806 2871 praeclaram
829 2795 1273 2852 emendatricem
1293 2795 1444 2851 vitae
1466 2794 1775 2871 poeticam,
1799 2814 1943 2871 quae

255 2894 508 2931 amorem
532 2874 738 2951 fiagitii
768 2882 826 2932 ct
853 2874 1101 2933 levitatis
1131 2882 1421 2932 auctorem
1452 2875 1512 2930 in
1536 2875 1781 2932 concilio
1811 2875 1943 2932 deo-

256 2972 382 3010 rum
406 2953 804 3011 collocandum
827 2961 1008 3031 putet.
1081 2954 1173 3011 De
1204 2954 1503 3012 comoedia
1531 2955 1752 3032 loquor,
1780 2974 1941 3033 quac,

257 3034 304 3089 si
332 3034 470 3091 haec
501 3033 720 3109 flagitia
753 3054 869 3090 non
905 3034 1294 3110 probaremuS,
1318 3034 1473 3091 nulla
1506 3042 1655 3092 esset
1684 3035 1940 3093 omnino,

258 3112 410 3181 Quid
440 3114 519 3170 ait
549 3134 615 3195 en
648 3112 944 3189 tragoedia
971 3114 1239 3191 princeps
1269 3113 1361 3170 ille
1384 3114 1891 3191 Argonautarum?

385 3236 463 3285 Tu
489 3250 568 3283 me
589 3236 774 3283 amoris
798 3235 958 3295 magis
983 3250 1134 3297 quam
1162 3235 1360 3284 honoris
1382 3238 1637 3285 servavisti
1659 3238 1838 3297 gratia.
