2235 3581
259 162 276 210 1
295 159 351 210 18
478 159 1070 211 TUSCULANARUM
1115 160 1719 210 DISPUTATIONUM

334 261 412 320 M.
449 261 654 322 Enitar
685 261 970 340 equidem,
1003 261 1104 319 sed
1145 261 1373 319 intento
1416 281 1563 338 opus
1604 268 1692 320 est
1724 261 1937 335 anime,

202 353 230 372 ”
252 363 324 400 ne
349 342 543 400 omnia
564 342 905 413 dilabantur,
929 342 977 398 si
997 361 1178 398 unum
1201 341 1418 419 aliquid
1447 342 1729 418 effugerit.
1788 341 1942 410 Quo-

252 424 426 492 niam,
449 441 592 500 quae
615 422 818 479 Graeci
845 420 1002 491 πάθη
1033 429 1254 493 vocant,
1280 422 1448 479 nobis
1481 422 1941 499 perturbationes

253 503 527 580 appellari
555 503 740 576 magis
767 502 954 578 placet
978 521 1150 579 quam
1178 501 1428 571 morboS‚
1451 503 1511 558 in
1540 502 1630 559 his
1658 502 1942 580 explican-

253 584 342 641 dis
363 589 612 640 veterem
642 553 796 639 illam
822 583 1086 659 equidem
1116 581 1499 674 Pythagorae
1512 583 1781 658 primum,
1803 583 1939 639 dein

253 663 516 720 Platonis
551 663 994 739 descriptionem
1031 681 1249 740 sequar,
1276 662 1375 738 qui
1408 663 1666 718 animum
1702 662 1759 718 in
1797 663 1940 719 duas

252 751 443 820 partes
473 743 756 813 dividunt,
779 742 1014 799 alteram
1047 743 1287 799 rationis
1321 743 1662 819 participem
1696 743 1936 813 faciunt,

252 824 488 880 alteiam
511 829 820 900 expertem.
886 821 954 878 In
977 822 1256 898 participe
1284 822 1525 878 rationis
1546 830 1773 899 ponunt
1790 829 1941 879 tran-

253 903 614 980 quillitatem,
634 902 698 959 id
720 909 822 973 est,
844 902 1130 980 placidam
1150 902 1515 980 quietamque
1534 903 1935 974 constantiam,

252 985 312 1039 in
342 983 439 1040 illa
466 982 642 1040 altera
672 989 868 1039 motus
901 982 1165 1039 turbidos
1199 1002 1330 1039 cum
1359 982 1475 1040 irae
1508 989 1636 1040 tum
1658 982 1941 1060 cupidita-

251 1064 326 1120 tis
349 1063 664 1120 contrarios
693 1063 1072 1139 inimicosque
1099 1063 1328 1120 rationi.
1397 1067 1487 1120 11.
1526 1062 1617 1122 Sit
1645 1063 1824 1140 igitur
1842 1062 1940 1120 hic

251 1143 418 1200 fons:
462 1150 693 1200 utamur
724 1150 919 1200 tamen
955 1143 1014 1199 in
1048 1142 1141 1199 his
1174 1142 1707 1220 perturbationibus
1733 1143 1941 1200 descri-

250 1223 454 1280 bendis
483 1223 810 1280 Stoicorum
841 1222 1275 1281 definitionibus
1304 1230 1363 1279 et
1392 1222 1817 1299 partitionibuS,
1839 1224 1939 1300 qui

250 1303 396 1365 mihi
424 1304 692 1361 videntur
717 1304 779 1360 in
808 1303 914 1359 hac
945 1303 1277 1380 quaestione
1304 1303 1514 1374 versari
1544 1303 1887 1360 acutissime.

331 1382 437 1443 VI.
483 1383 587 1440 Est
615 1384 792 1460 igitur
819 1383 1064 1440 Zenonis
1092 1383 1233 1440 haec
1256 1382 1534 1454 definitio,
1554 1390 1621 1440 ut
1648 1383 1941 1460 perturba-

249 1465 335 1521 tio
371 1465 461 1536 sit,
495 1465 653 1541 quod
693 1460 879 1526 πάθος
917 1463 1012 1520 ille
1047 1463 1206 1534 dicit,
1238 1483 1434 1520 aversa
1466 1483 1499 1520 a
1530 1470 1687 1520 recta
1718 1464 1939 1521 ratione

251 1552 450 1601 contra
491 1552 753 1601 naturam
788 1544 967 1600 animi
1009 1544 1341 1601 commotio,
1420 1543 1667 1612 Quidam
1710 1542 1941 1600 brevius

251 1624 743 1701 perturbationem
777 1643 899 1681 esse
941 1624 1268 1701 appetitum
1301 1622 1804 1694 vehementiorem,
1836 1625 1940 1681 'sed

250 1704 737 1761 vehementiorem
773 1724 903 1761 eum
934 1704 1139 1761 volunt
1172 1705 1309 1775 esse,
1338 1704 1437 1780 qui
1471 1703 1700 1780 longius
1734 1705 1941 1760 disces-

252 1785 388 1842 serit
415 1792 649 1842 naturae
678 1784 1014 1842 constantia.
1100 1783 1303 1841 Partes
1337 1789 1529 1841 autem
1559 1783 1942 1861 perturbatio-

251 1884 390 1922 num
426 1864 628 1922 volunt
673 1884 741 1922 ex
786 1864 1015 1922 duobus
1061 1864 1314 1941 opinatis
1357 1863 1527 1921 bonis
1570 1866 1727 1922 nasci
1770 1873 1829 1923 et
1870 1885 1940 1923 ex

251 1945 478 2001 duobus
523 1945 774 2021 opinatis
817 1945 1000 2016 maliS,
1032 1945 1114 2001 ita
1156 1964 1278 2001 esse
1313 1950 1615 2021 quattuor:
1660 1966 1729 2003 ex
1770 1945 1942 2004 bonis

253 2025 545 2080 libidinem
575 2032 633 2081 et
662 2025 960 2095 laetitiam,
980 2031 1046 2082 ut
1075 2025 1152 2081 sit
1179 2024 1398 2082 laetitia
1424 2026 1813 2101 praesentium
1840 2026 1943 2082 bo·

251 2124 476 2175 norum,
508 2103 690 2161 libido
733 2104 1080 2175 futurorum,
1111 2124 1182 2161 ex
1214 2104 1381 2161 malis
1422 2114 1635 2162 metum
1671 2114 1729 2162 et
1762 2106 1943 2178 aeyri·

255 2186 506 2241 tudinem
543 2185 697 2241 nasci
726 2191 976 2256 censent,
1007 2192 1228 2242 metum
1263 2185 1493 2256 futuriS‚
1520 2186 1941 2262 aegritudinem

250 2265 660 2343 praesentibus,
739 2264 898 2333 Quae
940 2265 1092 2321 enim
1138 2264 1427 2321 venientia
1469 2272 1821 2335 metuuntur,
1854 2284 1943 2322 eae

252 2347 383 2403 dem
404 2345 681 2403 adficiunt
703 2344 1060 2421 aegritudine
1088 2345 1379 2403 instantia.
1449 2350 1540 2403 12.
1572 2344 1825 2402 Laetitia
1846 2364 1943 2402 au·

252 2434 370 2483 tem
405 2433 464 2483 et
499 2426 676 2481 libido
716 2425 777 2480 in
820 2423 1103 2482 bonorum
1150 2426 1424 2502 opinione
1458 2432 1769 2494 versantur,
1808 2435 1941 2481 cu'm

251 2505 433 2563 libido
467 2505 542 2561 ad
574 2505 653 2576 id,
681 2504 838 2581 quod
869 2504 1097 2562 videtur
1138 2505 1375 2576 bonum,
1407 2504 1596 2562 illecta
1632 2513 1691 2562 et
1722 2504 1945 2562 inflam-

251 2593 409 2643 mata
442 2585 711 2661 rapiatur,
737 2584 958 2641 laetitia
989 2592 1058 2641 ut
1093 2585 1303 2661 adepta
1334 2585 1451 2641 iam
1486 2585 1705 2661 aliquid
1738 2604 1945 2642 coneu-

253 2667 442 2742 pitum
479 2665 748 2721 efferatur
781 2672 840 2721 et
873 2665 1096 2741 gestiat.
1185 2664 1408 2721 Natura
1440 2666 1595 2721 enim
1628 2684 1829 2723 omnes
1857 2685 1941 2736 ea,

255 2765 398 2821 quae
427 2744 580 2801 bona
609 2745 890 2816 videntur,
917 2752 1236 2821 sequuntur
1262 2745 1611 2821 fugiuntque
1640 2746 1940 2803 contraria.

253 2827 439 2892 Quam
475 2824 549 2880 ob
591 2844 710 2881 rem
755 2825 924 2882 simul
968 2824 1195 2881 obiecta
1236 2826 1453 2901 species
1494 2833 1581 2883 est
1622 2825 1943 2901 cuiuspiam

254 2904 411 2981 quod
444 2903 662 2960 bonum
698 2903 974 2974 videatur,
1006 2903 1080 2960 ad
1115 2903 1179 2960 id
1219 2904 1653 2980 adipiscendum
1696 2904 1946 2981 impellit

254 2984 379 3074 ipsa
421 2990 639 3040 natura.
725 2982 796 3039 Id
836 3002 968 3039 cum
1015 2991 1345 3042 constanter
1392 2984 1819 3061 prudenterque
1858 2984 1942 3055 fit,

253 3064 374 3120 eius
416 3063 578 3119 modi
621 3063 1038 3139 appetitionem
1082 3062 1265 3119 Stoici
1310 3060 1589 3133 βουλησιν
1631 3063 1943 3141 appellant,

253 3160 359 3198 nos
381 3141 733 3233 appellemus
755 3142 1120 3199 voluntatem.
1207 3142 1351 3197 Eam
1380 3142 1463 3198 illi
1492 3149 1701 3220 putant
1729 3144 1787 3200 in
1820 3144 1945 3201 solo

255 3240 374 3277 esse
403 3221 677 3295 sapiente,
705 3239 874 3297 quam
911 3222 990 3277 sic
1021 3220 1338 3277 definiunt:
1374 3220 1640 3279 voluntas
1668 3230 1771 3291 est,
1798 3242 1947 3299 quae
