2235 3581
591 521 668 580 M.
728 521 1081 580 TULLII
1137 521 1695 582 CICERONIS

299 664 1116 741 TUSCULANARUM
1168 664 1987 742 DISPUTATIONUM

773 812 896 886 AD
959 811 1036 885 M.
1098 811 1507 887 BRUTUM

858 973 1079 1021 LIBER
1111 973 1419 1023 TER'rms

531 1107 642 1165 DE
686 1107 1199 1166 AEGRITUDIN
1202 1107 1251 1164 E
1273 1197 1281 1204 ·
1304 1107 1739 1166 LENIENDA.

803 1354 1456 1405 ARGUMENTUM.

357 1458 676 1507 Prooemium
702 1456 848 1505 huius
875 1457 988 1504 libri
1016 1457 1067 1504 in
1103 1456 1331 1504 laudibus
1365 1456 1705 1519 philosophiae
1732 1464 1974 1519 versatur,

291 1538 418 1586 quae
441 1539 558 1571 cum
581 1522 830 1571 medicina
857 1522 1012 1570 animi
1037 1522 1102 1570 sit
1130 1537 1285 1585 eaque
1312 1523 1360 1569 in
1387 1531 1631 1584 potestate
1653 1530 1841 1582 nostra,
1860 1538 1979 1584 que-

291 1590 416 1636 ritur
439 1590 650 1636 multum
679 1597 731 1637 et
757 1588 958 1636 honoris
987 1588 1159 1636 haberi
1186 1599 1236 1636 et
1266 1588 1499 1649 temporis
1528 1588 1677 1634 tribui
1702 1588 1978 1637 medicinae

291 1655 525 1716 corporiS‚
554 1654 690 1701 illam
715 1663 887 1702 autem
909 1654 1161 1702 contemni
1188 1662 1239 1701 et
1262 1653 1475 1713 neglegi,
1498 1667 1607 1715 cap.
1635 1655 1747 1701 1-3.
1818 1653 1979 1702 Dein-

290 1734 404 1781 ceps
427 1719 478 1766 id
501 1719 680 1780 agitur,
703 1728 760 1767 ut
785 1719 1148 1779 aegritudinem
1178 1733 1278 1766 non
1308 1719 1485 1766 cadere
1513 1718 1565 1765 in
1592 1719 1867 1781 sapientem
1891 1718 1978 1767 de-

291 1794 606 1833 monstretur.
678 1784 1076 1834 Praemittuntur
1115 1793 1415 1845 argumenta
1448 1783 1633 1833 leviora
1666 1793 1717 1832 et
1749 1800 1782 1833 a
1813 1785 1977 1834 verbis

288 1851 586 1899 Latinorum
610 1850 778 1910 ducta,
797 1851 882 1913 qui
907 1865 1108 1899 omnem
1138 1850 1292 1898 animi
1320 1850 1649 1899 adfectionem
1674 1850 1879 1898 rationis
1900 1850 1977 1898 lu-

289 1917 425 1964 mine
458 1925 726 1975 carentem,
756 1916 1018 1976 insaniam‚
1049 1915 1338 1975 amentiam,
1369 1915 1673 1963 dementiam
1706 1915 1971 1978 appellent,

293 1982 517 2044 adeoque
537 1998 568 2030 a
594 1981 817 2044 sapiente
843 1990 1144 2039 removeant,
1163 1996 1269 2044 cap.
1296 1984 1342 2041 4,
1368 1986 1415 2029 5.
1486 1982 1773 2043 Sequuntur
1794 1981 1977 2030 deinde

289 2057 582 2108 argumenta
599 2048 880 2097 Stoicorum
897 2047 1112 2095 breviter
1130 2049 1352 2107 astricta,
1374 2062 1481 2109 cap.
1507 2049 1620 2095 6-9.
1680 2046 1872 2105 Quibus
1886 2061 1978 2095 ex-

289 2113 462 2174 positis
485 2128 574 2161 suo
597 2128 737 2161 more
760 2113 916 2160 fusius
943 2112 1199 2175 aliquanto
1224 2127 1283 2161 ac
1306 2112 1455 2161 latius
1478 2111 1614 2160 dicit.
1686 2111 1977 2161 Probantur

289 2178 692 2241 philosophorum
723 2186 987 2241 praecepta
1013 2178 1166 2225 fortes
1195 2178 1437 2240 quasdam
1469 2176 1739 2225 sententias
1764 2192 1976 2239 sequen-

290 2244 431 2305 tium,
455 2243 903 2305 Peripateticorum
927 2258 1024 2291 non
1047 2243 1185 2301 item,
1206 2242 1635 2305 perturbationum
1659 2242 1976 2291 mediocrita-

289 2318 362 2357 tes
384 2309 716 2372 probantium,
737 2324 842 2371 cap.
872 2311 948 2357 10.
1014 2310 1275 2371 Apparere
1296 2318 1465 2356 autem
1483 2307 1667 2355 dicitur
1688 2322 1789 2355 non
1813 2307 1973 2356 solum

288 2375 450 2423 omnis
483 2374 822 2435 aegritudinis,
843 2389 1016 2422 verum
1050 2386 1330 2423 ceterarum
1364 2374 1518 2421 etiam
1546 2373 1974 2435 perturbationum

288 2456 492 2489 causam
515 2454 624 2489 esse
645 2441 710 2488 ab
732 2440 964 2501 opinione
994 2438 1313 2502 repetendam
1341 2448 1392 2487 et
1418 2437 1746 2498 aegritudinis
1770 2438 1975 2501 quidem

285 2506 350 2553 ab
373 2506 604 2569 opinione
631 2506 801 2565 magni
829 2505 963 2565 mali,
982 2506 1124 2553 cuius
1151 2504 1377 2552 definitio
1399 2504 1654 2552 subiicitur
1672 2504 1777 2552 eius
1800 2505 1969 2553 modi:

286 2586 393 2619 csse
419 2571 704 2633 opinionem
738 2570 907 2629 magni
940 2570 1060 2618 mali
1095 2570 1369 2633 praesentis
1402 2578 1455 2617 et
1486 2579 1740 2619 recentem
1773 2569 1976 2632 quidem

286 2635 570 2698 opinionem
593 2634 706 2683 talis
729 2636 864 2695 mali,
884 2644 940 2683 ut
961 2636 1013 2683 in
1035 2650 1096 2683 eo
1119 2644 1310 2685 rectum
1328 2634 1554 2683 videatur
1576 2650 1683 2684 esse
1705 2636 1838 2696 angi,
1858 2650 1968 2698 cup.

290 2704 366 2749 ll.
431 2700 515 2747 Ex
533 2699 628 2748 hac
647 2700 935 2749 definitione
957 2701 1010 2749 in
1032 2702 1123 2749 tris
1146 2710 1309 2763 partes
1332 2701 1437 2749 abit
1454 2700 1743 2763 disputatio,
1761 2717 1977 2763 quarum

285 2766 446 2827 prima
468 2764 614 2813 docet
635 2765 998 2826 aegritudinem
1020 2782 1129 2815 esse
1150 2782 1217 2815 ex
1234 2767 1467 2829 opinione
1488 2767 1625 2827 mali,
1649 2782 1757 2829 cap.
1786 2770 1863 2827 12,
1890 2770 1968 2827 13,

285 2832 339 2879 in
358 2845 459 2894 qua
481 2830 754 2893 Epicurum
777 2830 970 2893 refellit,
991 2832 1078 2894 qui
1097 2832 1256 2893 ipsam
1274 2833 1558 2894 opinionem
1578 2847 1685 2881 esse
1702 2832 1977 2893 aegritudi-

286 2911 400 2945 nem
417 2896 701 2955 contendat,
721 2905 772 2944 et
790 2897 1106 2959 Cyrenaicoe,
1130 2898 1216 2960 qui
1235 2912 1333 2945 non
1352 2907 1527 2960 putent
1544 2898 1709 2946 valere
1726 2898 1791 2945 ad
1815 2899 1975 2959 aegri-

285 2961 507 3010 tudinem
532 2962 627 3009 nisi
654 2961 964 3023 inopinatum
991 2963 1200 3023 malum,
1219 2963 1367 3025 quod.
1385 2978 1694 3026 quamquam
1723 2964 1975 3025 insperata

284 3027 384 3075 sint
400 3027 629 3087 graviora
645 3036 696 3075 et
719 3026 827 3089 ipsa
844 3028 1225 3089 praemeditatio
1243 3028 1606 3088 aegritudinem
1628 3029 1838 3088 minuat,
1857 3044 1966 3091 cap.

286 3096 464 3151 13-15,
488 3101 545 3139 ut
571 3092 753 3140 merito
781 3092 1208 3155 reprehendantur
1234 3094 1481 3155 Epicurei,
1512 3094 1597 3155 qni
1628 3095 1777 3141 istam
1806 3109 1975 3156 repre·

284 3156 521 3216 hcndant,
545 3172 652 3219 cap.
680 3160 756 3217 16,
778 3169 831 3205 et
857 3157 1183 3218 cogitationes
1210 3159 1375 3220 potius
1403 3160 1466 3206 ad
1492 3160 1770 3221 voluptates
1800 3160 1975 3207 tradu-

284 3230 400 3269 cunt
434 3224 650 3284 corporis
683 3231 774 3271 aut
800 3238 928 3285 quae
960 3232 1162 3287 propter
1194 3238 1373 3286 corpus
1406 3224 1483 3273 vel
1520 3224 1860 3273 recordatione
1895 3224 1969 3273 vel
