2235 3581
243 153 312 200 98
468 147 647 198 TUSC
655 145 1061 197 ULANARUM
1105 147 1594 206 DISPUTATION
1602 149 1708 200 ΠΜ

246 269 352 309 nee
386 249 596 321 dolere,
634 249 728 306 hic
768 248 1022 326 primum
1055 254 1115 305 et
1148 249 1382 306 tertium
1416 257 1585 326 putat
1619 250 1774 309 idem
1810 271 1934 310 esse

245 351 352 389 nee
380 330 690 407 distinguit
716 349 751 387 a
784 348 898 386 non
929 328 1181 386 dolendo
1210 329 1580 406 voluptatem.
1666 330 1933 390 Tertium

245 419 544 489 peceatum
583 428 888 467 commune
921 428 1053 466 cum
1082 409 1444 486 quibusdam,
1466 411 1640 488 quod,
1665 431 1797 468 cum
1826 413 1935 470 vir-

245 501 340 548 tus
391 491 638 548 maxime
693 495 994 567 expetatur
1034 489 1271 566 eiusque
1318 489 1720 566 adipiscendae
1763 512 1934 550 eausa

245 571 615 649 philosophia
648 571 906 647 quaesita
945 570 1036 640 sit,
1074 569 1168 626 ille
1202 589 1236 626 a
1272 571 1481 628 virtute
1515 590 1803 629 summum
1834 573 1934 630 bo-

245 671 387 709 num
416 651 714 728 separavit.
802 655 896 706 48.
929 649 1014 706 At
1047 649 1243 706 laudat
1276 669 1445 726 saepe
1479 651 1767 710 virtutem.
1854 653 1933 710 Et

244 732 483 808 quidem
511 730 576 788 C.
602 729 909 801 Gracchus»,
933 749 1064 788 cum
1095 729 1429 805 largitiones
1460 731 1741 789 maximas
1766 733 1933 790 fecis-

245 819 332 868 set
361 819 420 869 et
455 811 753 869 effudisset
787 811 1081 880 aerarium,
1113 810 1301 867 verbis
1342 818 1537 868 tamen
1581 811 1930 870 defendebat

243 893 540 949 aerarium.
613 890 768 959 Quid
804 889 974 947 verba
1013 889 1262 960 audiam,
1294 910 1426 948 cum
1467 891 1624 949 facta
1665 891 1930 950 videam?

247 972 308 1029 L.
335 971 472 1028 Piso
496 972 592 1029 ille
617 971 791 1047 Frugi-
819 989 1042 1047 semper
1063 977 1265 1027 contra
1284 970 1470 1047 legem
1493 971 1927 1030 frumentariam

244 1052 485 1108 dixerat.
571 1051 630 1108 Is
659 1051 784 1125 lege
811 1050 930 1108 lata
961 1049 1275 1108 consularis
1301 1051 1376 1108 ad
1402 1051 1758 1110 frumentum
1788 1054 1931 1110 acci-

245 1132 528 1208 piundum
552 1139 794 1190 venerat.
847 1129 1129 1188 Animum
1148 1129 1395 1190 advertit
1410 1130 1703 1188 Gracchus
1721 1133 1779 1188 in
1798 1152 1931 1190 con-

244 1213 404 1270 tione
425 1212 696 1270 Pisonem
718 1218 964 1268 stantem
987 1228 1000 1268 ε
1036 1211 1260 1287 quaerit
1286 1211 1555 1269 audiente
1577 1213 1795 1289 populo
1818 1213 1929 1270 Ro-

243 1312 416 1349 mano
441 1293 540 1369 qui
561 1291 671 1348 sibi
699 1297 939 1360 constet,
961 1309 1092 1348 cum
1124 1309 1191 1347 ea
1216 1291 1341 1367 lege
1370 1291 1725 1349 frumentum
1750 1301 1926 1369 petat,

243 1391 417 1450 quam
441 1372 786 1430 dissuaserit.
848 1372 882 1398 ‘⁴
899 1370 955 1427 N
959 1370 1134 1427 olim”
1158 1371 1347 1447 inquit
1372 1373 1407 1397 ‘⁴
1422 1391 1552 1428 mea
1573 1371 1740 1443 bona,
1760 1372 1931 1431 Grac-

244 1453 367 1524 ehe,
388 1453 496 1510 tibi
526 1452 742 1510 viritim
772 1451 1026 1508 dividere
1060 1450 1252 1521 libeat,
1278 1450 1377 1508 sed
1406 1451 1452 1507 si
1481 1452 1675 1523 faciae,
1707 1461 1927 1529 partem

243 1533 494 1610 petam.’'
579 1531 868 1590 Parumne
905 1531 1215 1588 declaravit
1249 1531 1334 1587 vir
1372 1533 1559 1606 gravis
1602 1539 1663 1590 et
1703 1533 1930 1610 sapiens

243 1614 370 1689 lege
419 1611 763 1689 Sempronia
816 1611 1231 1688 patrimonium
1286 1610 1581 1688 publicum
1628 1612 1929 1689 dissipari?

244 1693 397 1770 Lege
431 1694 720 1750 orationes
739 1691 1001 1762 Gracchi,
1025 1699 1335 1768 patronum
1369 1693 1569 1749 aerarii
1605 1711 1725 1750 esse
1753 1694 1925 1752 dices.

243 1779 338 1833 49.
385 1773 578 1850 Negat
606 1771 888 1849 Epicurus
917 1771 1163 1830 iucunde
1190 1792 1360 1850 posse
1387 1772 1503 1829 vivi
1535 1773 1646 1830 nisi
1674 1793 1801 1831 cum
1825 1774 1929 1831 vir-

241 1863 368 1913 tute
391 1855 630 1925 vivatur,
656 1860 830 1931 negat
861 1852 1036 1910 ullam
1071 1853 1130 1909 in
1166 1852 1484 1929 sapientem
1517 1854 1635 1911 vim
1665 1873 1787 1912 esse
1815 1855 1929 1912 for-

241 1943 433 2006 tunae,
458 1944 692 1993 tenuem
725 1934 943 1991 victum
976 1933 1228 1990 antefert
1260 1932 1514 2010 copiOSO,
1546 1942 1719 2011 negat
1747 1935 1927 1992 ullum

243 2035 366 2073 esse
393 2023 624 2091 tempus
653 2033 768 2090 quo
797 2013 1022 2090 sapiens
1055 2013 1405 2077 nonlbeatus
1433 2014 1537 2071 sit:
1582 2015 1778 2072 omnia
1805 2015 1930 2091 phi-

243 2095 488 2173 losopho
520 2096 712 2172 digna,
735 2094 838 2153 sed
863 2112 994 2151 eum
1017 2092 1313 2170 voluptate
1340 2095 1675 2170 pugnantia.
1740 2096 1773 2122 ‘⁴
1794 2095 1849 2152 N
1852 2114 1927 2152 on

243 2176 413 2234 istam
448 2176 593 2233 dicit
619 2172 1031 2252 voluptatem.”
1115 2172 1293 2231 Dicat
1327 2173 1674 2251 quamlibet:
1719 2194 1929 2252 nempe

243 2276 369 2315 earn
406 2257 565 2326 dicit,
598 2257 657 2313 in
693 2274 806 2333 qua
837 2254 1067 2312 virtutis
1107 2253 1265 2311 nulla
1304 2272 1436 2330 pars
1478 2254 1629 2312 insit.
1702 2255 1849 2331 Age,
1880 2255 1929 2312 si

244 2337 600 2415 voluptatem
643 2355 762 2393 non
802 2334 1209 2412 intellegimUS,
1241 2354 1314 2391 ne
1355 2333 1613 2392 dolorem
1658 2334 1929 2411 quidem?

245 2416 413 2494 Nego
447 2417 626 2493 igitur
663 2416 785 2474 eius
827 2434 964 2486 esse,
998 2414 1096 2491 qui
1138 2414 1337 2471 dolore
1380 2433 1669 2471 summum
1712 2414 1927 2472 malum

243 2498 531 2566 metiatur,
555 2497 910 2553 mentionem
939 2496 1129 2553 facere
1157 2494 1398 2552 virtutis,

326 2575 494 2633 XXI.
567 2580 659 2632 50.
697 2575 774 2633 Et
796 2582 1111 2653 queruntur
1134 2574 1367 2652 quidam
1396 2573 1681 2651 Epicurei,
1703 2574 1808 2631 viri
1831 2593 1930 2651 op·

197 2650 203 2659 ’
245 2656 588 2713 timi—nam
618 2655 839 2713 nullum
869 2674 1050 2732 genus
1078 2664 1167 2713 est
1189 2656 1381 2712 minus
1401 2654 1930 2712 malitiosum—me

245 2736 500 2793 studiose
530 2734 717 2793 dicere
747 2743 946 2793 eontra
974 2734 1305 2811 Epicurum.
1392 2734 1498 2805 Ita,
1519 2734 1708 2806 eredo,
1729 2734 1802 2791 de
1830 2733 1931 2791 ho-

246 2835 384 2873 nore
413 2824 512 2873 aut
540 2815 612 2873 de
640 2815 922 2891 dignitate
957 2814 1376 2873 contendimus
1461 2813 1610 2871 Mihi
1638 2832 1929 2872 summum

247 2895 307 2953 in
337 2896 528 2952 animo
557 2894 776 2951 bonum
799 2894 1038 2964 videtur,
1064 2894 1149 2950 illi
1176 2902 1369 2951 autem
1399 2896 1458 2951 in
1478 2913 1748 2971 corpore:
1786 2894 1932 2951 mihi

248 2974 306 3031 in
337 2976 564 3043 virtute,
599 2974 680 3031 illi
714 2974 772 3032 in
805 2973 1115 3050 voluptate.
1204 2974 1281 3031 Et
1314 2973 1396 3030 illi
1431 2981 1695 3050 pugnant
1723 2981 1782 3031 et
1812 2973 1929 3051 qui-

247 3054 376 3111 dem
415 3054 731 3114 vicinorum
765 3052 936 3110 fidem
973 3053 1318 3130 implorant:
1362 3054 1533 3110 multi
1568 3061 1761 3111 autem
1798 3060 1934 3111 sunt

249 3134 349 3210 qui
384 3133 577 3189 statim
621 3133 939 3190 convolent.
1025 3132 1153 3208 Ego
1196 3152 1322 3188 sum
1367 3133 1430 3201 ie,
1464 3133 1562 3209 qui
1606 3133 1794 3191 dicam
1838 3152 1933 3191 me

249 3230 365 3268 non
409 3211 677 3282 laborare,
714 3219 906 3269 actum
951 3209 1279 3268 habiturum
1318 3211 1473 3287 quod
1508 3213 1744 3288 egerint.
1835 3219 1929 3271 51.
