2235 3581
259 159 326 210 80
483 157 1074 210 TUSCULANARUM
1115 157 1719 210 DISPUTATIONUM

257 268 326 318 ut
346 259 586 318 vanitati
608 259 816 316 veritas
837 265 896 317 et
917 258 1179 337 opinioni
1198 258 1568 317 confirmatae
1595 267 1800 318 natura
1818 260 1952 337 ipsa

259 341 440 398 cedat.
513 339 588 397 II.
655 346 707 396 3.
739 337 1043 396 Accedunt
1063 340 1239 396 ctiam
1262 346 1487 416 poetae,
1514 341 1765 417 quicum
1789 359 1952 418 mag·

258 439 392 477 nam
429 419 677 497 speciem
721 419 1014 476 doctrinae
1057 419 1485 496 sapientiaeque
1527 440 1663 497 prae
1701 440 1759 478 se
1800 420 1951 478 tule-

258 507 409 570 runt,
467 499 796 570 audiuntur,
854 499 1139 575 leguntur,
1162 567 1167 572 ¹
1192 499 1525 558 ediscuntur
1580 507 1637 558 et
1692 500 1949 558 inhaere-

257 587 426 640 scunt
458 579 692 655 penitus
723 579 785 636 in
825 579 1151 636 mentibus:
1196 599 1329 638 cum
1363 599 1499 637 vero
1540 580 1747 638 eodem
1781 581 1947 657 quasi

257 660 542 716 maximus
587 659 822 736 quidam
867 660 1141 736 magister
1188 659 1439 737 populus
1486 661 1722 717 accessit
1768 668 1945 738 atque

259 740 447 796 omnis
479 740 736 816 undique
768 739 844 796 ad
876 739 1017 796 vitia
1054 741 1417 797 consentiens
1451 739 1783 812 multitudo,
1812 747 1944 798 tum

257 820 426 896 plane
454 819 742 876 inficimur
770 819 1108 897 opinionum
1140 820 1421 896 pravitate
1450 839 1485 876 a
1511 826 1827 898 naturaque
1849 821 1946 878 de-

258 899 568 969 sciscimuS,
594 906 660 957 ut
688 899 856 956 nobis
877 901 1098 977 optime
1128 908 1389 958 naturam
1418 900 1460 956 ii
1483 900 1693 958 vidisse
1715 900 1945 958 videan-

257 987 367 1049 tur,
389 979 489 1056 qui
510 979 654 1036 nihil
677 979 882 1037 melius
898 979 1139 1051 homini,
1159 980 1306 1037 nihil
1326 980 1515 1056 magis
1534 981 1940 1056 expetendum,

258 1058 401 1115 nihil
425 1060 806 1134 praestantius
826 1059 1159 1130 honoribuS,
1180 1061 1257 1117 im
1263 1061 1453 1138 periiS,
1474 1060 1739 1136 populari
1760 1061 1946 1138 gloria

256 1139 667 1196 iudicaverunt.
739 1139 838 1196 Ad
868 1159 1038 1217 quam
1073 1140 1259 1197 fertur
1286 1141 1541 1217 optimus
1571 1141 1829 1218 quisque,
1852 1161 1945 1198 ve-

257 1238 492 1295 ramque
525 1219 682 1276 illam
715 1219 1076 1277 honestatem
1111 1228 1400 1297 expetenS‚
1434 1239 1605 1297 quam
1639 1240 1813 1278 unam
1848 1241 1945 1278 na-

256 1305 387 1356 tura
425 1300 676 1356 maxime
717 1300 984 1376 anquirit,
1014 1301 1076 1356 in
1120 1320 1345 1359 summa
1377 1301 1655 1358 inanitate
1688 1309 1945 1358 versatur

257 1387 727 1456 consectaturque
764 1379 976 1436 nullam
1021 1380 1371 1438 eminentem
1410 1379 1659 1457 effigiem
1693 1381 1940 1452 virtutiS‚

257 1460 356 1520 sed
379 1459 776 1518 adumbratam
799 1459 1112 1536 imaginem
1140 1460 1372 1536 gloriae.
1448 1460 1556 1518 Est
1583 1461 1737 1520 enim
1758 1461 1945 1538 gloria

257 1540 444 1600 solida
470 1540 748 1618 quaedam
785 1559 874 1598 res
907 1546 966 1597 et
998 1559 1279 1616 expressa,
1309 1561 1427 1598 non
1461 1541 1833 1600 adumbrata:
1876 1561 1945 1599 ea

256 1628 346 1678 est
377 1621 739 1678 consentiens
779 1620 902 1677 laus
943 1619 1249 1691 bonorum,
1285 1621 1618 1698 incorrupta
1650 1641 1763 1679 vox
1793 1621 1942 1681 bene

256 1701 636 1759 iudicantium
670 1701 743 1758 de
781 1700 1083 1758 excellenti
1113 1701 1343 1772 virtute,
1380 1721 1449 1758 ea
1480 1702 1679 1760 virtuti
1711 1709 1943 1760 resonat

255 1788 551 1857 tamquam
580 1780 790 1857 imagO.
863 1779 1022 1849 Quae
1045 1781 1179 1858 quia
1199 1788 1352 1840 recte
1378 1782 1668 1839 factorum
1696 1781 1944 1859 plerum-

257 1881 368 1937 que
401 1880 594 1917 comes
627 1868 731 1932 est,
767 1880 886 1919 non
925 1869 1012 1920 est
1053 1861 1221 1919 bonis
1254 1863 1391 1919 viris
1426 1862 1795 1940 repudianda.
1882 1868 1938 1921 4.

257 1941 364 1998 Illa
391 1948 600 2011 autem,
627 1960 771 2017 quae
799 1961 860 1999 se
887 1942 1011 1999 eius
1044 1943 1413 2000 imitatricem
1448 1962 1568 1999 esse
1598 1942 1734 2013 vult,
1765 1950 1945 2001 temer

257 2022 402 2078 raria
418 2028 590 2097 atque
611 2021 1034 2079 inconsiderata
1049 2030 1109 2080 et
1126 2022 1463 2100 plerumque
1479 2030 1843 2099 peccatorum
1864 2024 1944 2081 vi-

256 2102 582 2178 tiorumque
611 2099 909 2173 laudatrix,
930 2102 1088 2159 fama
1114 2104 1427 2179 populariS,
1450 2102 1813 2161 simulatione
1840 2103 1943 2161 ho-

256 2182 493 2238 nestatis
525 2182 774 2238 formam
811 2182 932 2239 eius
962 2183 1565 2259 pulchritudinemque
1604 2184 1937 2259 corrumpit.

211 2271 216 2276 “
256 2259 386 2330 Qua
405 2262 676 2320 caecitate
698 2262 976 2333 homineS‚
1002 2282 1135 2320 cum
1155 2263 1436 2339 quaedam
1458 2263 1630 2321 etiam
1654 2264 1943 2339 praeclara

255 2349 531 2418 cuperent
565 2362 744 2419 eaque
780 2343 1065 2400 nescirent
1096 2362 1203 2400 nec
1236 2342 1337 2400 ubi
1370 2362 1474 2401 nec
1510 2342 1699 2419 qualia
1730 2350 1938 2415 essent,

255 2423 522 2479 funditus
555 2422 653 2478 alii
686 2429 1010 2479 everterunt
1048 2442 1179 2481 suas
1212 2423 1489 2495 civitates»,
1520 2424 1617 2481 alii
1648 2423 1759 2501 ipsi
1794 2423 1941 2481 occi-

257 2501 481 2559 derunt.
553 2501 752 2577 Atque
779 2502 823 2557 ii
852 2501 1084 2578 quidem
1122 2503 1345 2579 optima
1376 2509 1638 2579 petentes
1671 2522 1789 2561 non
1816 2510 1937 2561 tam

257 2580 551 2637 voluntate
586 2599 759 2659 quam
791 2600 987 2639 cursus
1021 2602 1209 2639 errore
1242 2582 1535 2641 falluntur.
1613 2582 1805 2651 Quid?
1838 2584 1939 2661 qui

256 2660 532 2735 pecuniae
569 2660 904 2737 cupiditate,
937 2662 1037 2738 qui
1069 2662 1435 2739 voluptatum
1475 2663 1716 2721 libidine
1748 2664 1939 2722 ferun-

257 2748 366 2810 tur,
392 2758 751 2817 quorumque
783 2741 867 2797 ita
897 2742 1305 2818 perturbantur
1336 2743 1532 2813 animi,
1555 2751 1622 2801 ut
1649 2763 1767 2801 non
1794 2743 1939 2801 mul-

255 2827 381 2877 tum
418 2819 606 2877 absint
639 2819 712 2877 ab
745 2821 982 2892 insania,
1015 2822 1175 2899 quod
1209 2822 1615 2900 insipientibus
1648 2824 1938 2900 contingit

257 2901 542 2972 omnibus,
566 2900 638 2957 iis
664 2900 894 2959 nullane
923 2909 1008 2959 est
1035 2902 1363 2960 adhibenda
1390 2904 1645 2962 curatio?
1699 2903 1933 2975 Utrum,

257 2981 415 3057 quod
447 2982 640 3037 minus
672 2988 918 3038 noceant
951 2982 1129 3038 animi
1162 2983 1583 3057 aegrotationes
1618 3003 1787 3060 quam
1818 3003 1938 3043 cor-

255 3062 429 3137 poriS‚
453 3081 528 3118 an
549 3059 706 3137 quod
734 3079 973 3135 corpora
994 3061 1176 3117 curari
1202 3062 1443 3135 possint,
1468 3064 1793 3121 animorum
1822 3083 1937 3121 me-

255 3140 448 3198 dicina
473 3140 632 3198 nulla
653 3140 742 3197 sit.
819 3138 928 3196 ΙΙΙ.
1003 3144 1055 3195 5.
1091 3138 1177 3195 At
1198 3145 1257 3195 et
1283 3140 1472 3197 morbi
1500 3142 1937 3218 perniciosiores

255 3218 558 3298 pluresque
585 3225 719 3277 sunt
753 3218 930 3275 animi
959 3236 1131 3295 quam
1166 3219 1435 3295 corporis.
1521 3221 1605 3277 Hi
1640 3221 1791 3279 cnim
1822 3223 1936 3301 ipsi
