2235 3581
634 189 769 237 LIB.
805 189 871 250 1.,
906 187 1063 238 CAP.
1094 187 1541 237 xxx-XXXII.
1869 191 1936 239 33

247 289 306 347 Is
351 289 503 346 enim
550 289 654 346 tris
697 288 874 347 libros
923 289 1167 365 scripsit,
1210 289 1308 367 qui
1349 289 1607 346 Lesbiaci
1641 296 1933 363 vocantur,

248 369 407 447 quod
447 368 745 445 Mytilenis
786 388 972 426 sermo
1014 368 1275 439 habetur,
1312 369 1373 426 in
1417 370 1626 446 quibus
1657 370 1782 427 vult
1822 370 1938 428 effi-

246 469 373 508 cere
416 450 643 506 animos
686 468 806 506 esse
855 449 1142 506 mortales,
1229 449 1414 507 Stoici
1461 456 1654 507 autem
1705 469 1934 507 usuram

246 529 414 587 nobis
440 528 764 605 largiuntur
796 536 1091 606 tamquam
1130 529 1469 599 cornicibuS,
1501 529 1600 587 diu
1635 549 1936 587 mansuros

246 609 409 667 aiunt
450 609 690 678 animosi,
722 627 949 685 semper
988 615 1218 685 negant.
1305 608 1567 666 XXXII.
1616 609 1774 667 Num
1817 629 1934 667 non

247 690 333 746 vis
361 689 541 765 igitur
560 688 757 746 audire
778 707 895 760 cur,
922 689 1097 746 etiam
1127 689 1176 746 si
1203 689 1287 746 ita
1307 688 1398 760 sit,
1422 708 1579 746 mors
1599 696 1794 747 tamen
1815 709 1934 748 non

170 787 177 798 ·
246 769 323 826 sit
352 769 412 826 in
440 768 639 826 malis?

327 848 401 906 A.
438 848 526 908 Ut
548 848 789 920 videtur,
815 849 917 907 sed
942 867 1037 906 me
1072 867 1244 906 nemo
1273 849 1346 906 de
1374 848 1808 907 immortalitate
1842 849 1937 906 de—

246 927 437 1005 pellet.

331 1008 363 1064 7
372 1014 422 1066 8.
467 1007 545 1065 Μ.
583 1007 782 1066 Laudo
812 1009 873 1066 id
902 1008 1154 1086 quidem,
1185 1009 1297 1067 etsi
1323 1008 1468 1065 nihil
1503 1008 1676 1066 nimis
1705 1015 1935 1086 oportet

247 1086 547 1146 confidere.
634 1087 935 1146 Movemur
967 1089 1125 1145 enim
1167 1107 1336 1164 saepe
1377 1088 1570 1165 aliquo
1605 1095 1770 1146 acute
1803 1108 1936 1146 con-

247 1167 423 1239 cluso,
469 1167 727 1225 labamus
767 1175 1173 1246 mutamusque
1193 1207 1198 1212 -
1215 1169 1560 1226 sententiam
1603 1168 1935 1226 clarioribus

248 1248 423 1304 etiam
468 1248 527 1304 in
570 1247 771 1305 rebus:
822 1248 882 1305 in
923 1248 1017 1305 his
1056 1255 1146 1306 est
1178 1249 1333 1306 enim
1375 1249 1568 1326 aliqua
1599 1248 1930 1306 obscuritas,

248 1327 320 1384 Id
347 1328 525 1405 igitur
552 1328 601 1384 si
629 1328 913 1400 acciderit,
940 1329 1122 1386 simus
1149 1329 1368 1386 armati.

329 1408 401 1465 A.
439 1406 587 1466 Sane
618 1407 869 1484 quidem,
900 1408 1003 1466 sed
1031 1427 1103 1466 ne
1133 1408 1356 1466 accidat
1382 1407 1714 1485 providebo,

329 1487 407 1545 M.
444 1487 601 1544 Num
646 1487 788 1565 quid
828 1488 1007 1564 igitur
1040 1495 1128 1546 est
1162 1507 1361 1546 causae
1404 1489 1543 1566 quin
1586 1488 1803 1545 amicos
1835 1507 1934 1544 no—

249 1573 397 1624 stros
438 1564 666 1625 Stoicos
708 1568 1107 1626 dimittamus?
1149 1587 1248 1626 eos
1290 1568 1437 1638 dico,
1474 1567 1575 1645 qui
1615 1568 1778 1624 aiunt
1818 1586 1935 1623 ma-

248 1666 383 1704 nere
438 1647 676 1717 animos,
712 1667 845 1705 cum
886 1667 918 1706 e
960 1667 1200 1725 corpore
1255 1647 1614 1720 excesserint,
1659 1647 1762 1705 sed
1815 1666 1932 1704 non

248 1745 487 1805 semper.

329 1808 402 1865 A.
440 1807 590 1865 Istos
619 1828 769 1879 ver0,
802 1808 919 1885 qui,
953 1808 1109 1885 quod
1144 1816 1269 1867 tota
1294 1809 1358 1865 in
1383 1808 1491 1866 hac
1519 1827 1688 1865 causa
1715 1807 1934 1865 difficil-

247 1886 451 1945 limum
481 1894 599 1959 est‚-
610 1888 939 1964 suscipiant,
959 1907 1129 1965 posse
1151 1888 1409 1945 animum
1436 1907 1666 1945 manere
1695 1907 1932 1965 corpore

248 1974 563 2039 vacantem,
586 1968 730 2025 illud
756 1974 967 2038 autem,
994 1969 1152 2045 quod
1181 1987 1298 2026 non
1328 1968 1504 2026 modo
1532 1968 1702 2026 facile
1723 1968 1796 2025 ad
1820 1987 1934 2025 cre-

248 2047 503 2105 dendum
546 2054 649 2119 est,
696 2048 797 2105 sed
839 2067 907 2106 eo
952 2067 1240 2120 conceSSO,
1286 2048 1439 2126 quod
1484 2048 1704 2119 volunt,
1741 2066 1933 2105 conse-

248 2146 444 2204 quens,
481 2127 543 2185 id
584 2148 703 2185 non
744 2128 1077 2199 concedant,
1109 2136 1192 2199 ut,
1229 2148 1360 2186 cum
1402 2128 1504 2185 diu
1537 2128 1928 2205 permanserit,

246 2226 321 2264 ne
349 2208 607 2265 intereat.

330 2286 406 2344 M.
443 2286 604 2345 Bene
646 2286 1029 2363 reprehendis,
1060 2295 1121 2346 et
1155 2306 1216 2345 se
1247 2287 1361 2344 isto
1393 2287 1572 2344 modo
1605 2304 1696 2343 res
1736 2284 1927 2343 habet.

251 2366 344 2425 79.
391 2366 705 2425 Credamus
735 2368 916 2445 igitur
941 2367 1221 2425 Panaetio
1251 2386 1286 2423 a
1312 2366 1560 2423 Platone
1586 2384 1689 2423 suo
1719 2365 1932 2423 dissen-

246 2447 452 2505 tienti?
525 2446 711 2515 Quem
753 2448 909 2505 enim
951 2447 1220 2505 omnibus
1261 2446 1403 2504 locis
1444 2446 1720 2517 divinum,
1759 2464 1930 2522 quem

248 2527 751 2605 sapientissimum,
798 2547 969 2605 quem
1013 2528 1454 2598 sanctissimum,
1501 2546 1674 2605 quem
1715 2526 1932 2583 Home-

247 2627 377 2665 rum
410 2602 891 2685 philosophorum
923 2607 1190 2685 appellat,
1221 2607 1394 2665 huius
1425 2607 1572 2665 hanc
1605 2626 1780 2665 unam
1810 2626 1931 2663 sen-

246 2688 490 2745 tentiam
540 2688 612 2745 de
666 2688 1097 2746 immortalitate
1153 2688 1476 2744 animorum
1530 2707 1649 2744 non
1704 2686 1927 2764 probat.

248 2766 396 2825 Vult
436 2768 609 2839 enim,
647 2768 804 2845 quod
845 2787 1015 2825 nemo
1060 2774 1250 2844 negat,
1287 2767 1572 2845 quidquid
1612 2774 1812 2825 natum
1855 2767 1931 2823 sit

248 2846 497 2916 interire,
533 2848 689 2905 nasci
732 2855 924 2905 autem
965 2847 1207 2918 animOS,
1245 2847 1402 2924 quod
1443 2847 1689 2905 declaret
1731 2866 1930 2905 eorum

249 2926 585 2999 similitudo,
623 2927 724 3004 qui
756 2933 1144 3004 procreentur,
1183 2946 1327 3004 quae
1361 2927 1534 2985 etiam
1569 2928 1628 2984 in
1662 2927 1926 3003 ingeniiS,

248 3023 367 3062 non
400 3005 586 3062 solum
620 3006 679 3063 in
715 3007 1050 3083 corporibus
1083 3013 1370 3084 appareat.
1447 3006 1706 3065 Alteram
1735 3012 1930 3063 autem

247 3084 440 3143 adfert
478 3086 778 3158 rationem,
814 3086 957 3144 nihil
1000 3106 1122 3144 esse
1157 3087 1315 3164 quod
1347 3085 1540 3144 doleat
1573 3087 1712 3164 quin
1747 3084 1809 3143 id
1843 3103 1930 3142 ae-

246 3184 416 3241 grum
460 3185 580 3223 esse
623 3186 850 3244 quoque
883 3168 1097 3244 possit:
1151 3168 1309 3245 quod
1342 3174 1534 3225 autem
1567 3168 1628 3223 in
1661 3165 1928 3223 morbum

247 3246 432 3317 cadat,
469 3246 530 3304 id
564 3247 738 3305 ctiam
772 3249 1170 3305 interiturum:
1218 3249 1410 3308 dolere
1453 3256 1644 3306 autem
1687 3248 1927 3316 animOS,

1183 3466 1194 3491 l
