2235 3581
209 168 273 215 86
433 166 1027 220 TUSCULANARUM
1065 165 1668 219 DISPUTATIONUM

208 272 452 339 neretur,
483 287 798 346 numquam
837 276 986 327 esset
1019 269 1080 327 L.
1105 269 1339 328 Pisonis
1375 289 1699 347 cognomen
1732 276 1900 329 tanto

211 371 383 428 opere
411 351 721 409 laudatum.
803 351 893 407 17.
940 349 1058 408 Sed
1085 351 1221 428 quia
1252 369 1357 408 nec
1388 351 1487 428 qui
1520 358 1757 428 propter
1785 371 1901 410 me-

209 438 336 489 tum
371 431 719 508 praesidium
752 431 1001 508 reliquit,
1035 430 1193 508 quod
1227 437 1313 488 est
1348 431 1626 507 ignaviae,
1658 450 1763 488 nec
1798 432 1899 508 qui

212 518 450 588 propter
469 511 761 568 avaritiam
787 511 930 567 clam
957 510 1286 588 depositum
1308 530 1427 568 non
1450 510 1719 580 reddidit,
1743 511 1899 588 quod

211 597 300 648 est
327 591 658 662 iniustitiae,
679 609 784 648 nec
803 591 901 666 qui
923 597 1161 668 propter
1188 591 1572 648 temeritatem
1600 590 1749 648 male
1777 610 1897 648 rem

211 671 405 747 gessit,
428 671 583 748 quod
607 678 694 728 est
715 670 1007 741 stultitiae,
1023 671 1203 745 fruyi
1224 670 1495 747 appellari
1526 670 1687 741 solet,
1704 690 1773 728 eo
1794 671 1900 728 tris

213 751 468 822 virtuteS,
491 751 914 822 fortitudinem,
940 750 1240 821 iustitiam,
1260 749 1645 826 prudentiam,
1666 750 1901 827 frugali-

212 838 300 888 tas
329 830 628 909 complexa
654 831 929 888 est—etsi
957 830 1068 890 hoc
1093 831 1326 908 quidem
1356 849 1663 888 commune
1686 837 1772 888 est
1793 831 1901 887 vir-

213 917 404 968 tutum
427 930 440 968 :
477 930 676 968 omnes
699 911 851 969 enim
875 911 1027 968 inter
1047 930 1106 968 se
1128 929 1305 968 nexae
1329 917 1387 968 et
1409 911 1638 986 iugatae
1656 917 1897 968 sunt—t

213 991 432 1068 reliqua
458 991 638 1068 igitur
663 997 766 1061 est,
790 998 990 1067 quarta
1011 991 1193 1049 virtus
1214 998 1281 1047 ut
1310 991 1400 1061 sit,
1425 991 1552 1067 ipsa
1579 991 1895 1066 frugalitas,

212 1069 356 1127 Eius
383 1071 536 1128 enim
566 1070 792 1128 videtur
823 1089 944 1128 esse
974 1071 1273 1147 proprium
1302 1078 1497 1127 motus
1524 1071 1701 1128 animi
1730 1089 1901 1147 appe-

209 1151 385 1209 tentis
418 1169 612 1227 regere
649 1157 708 1208 et
741 1150 936 1209 sedare
975 1169 1312 1227 semperque
1346 1150 1741 1208 adversantem
1777 1149 1901 1208 libi-

209 1230 334 1288 dini
353 1231 711 1288 moderatam
739 1231 800 1288 in
823 1230 983 1288 omni
1011 1249 1072 1287 re
1099 1248 1320 1287 servare
1342 1229 1759 1287 constantiam:
1806 1230 1899 1306 cui

213 1309 562 1366 contrarium
593 1310 798 1366 vitium
827 1310 1088 1387 nequitia
1107 1309 1333 1368 dicitur.
1411 1317 1501 1368 18.
1532 1311 1897 1384 Fruyalitas,

213 1396 280 1446 ut
308 1389 531 1465 opinor,
563 1409 596 1446 a
607 1390 806 1464 sruye,
841 1409 954 1466 qua
981 1389 1126 1446 nihil
1155 1390 1359 1446 melius
1389 1384 1519 1468 [est]
1552 1410 1583 1448 e
1616 1399 1782 1460 terra,
1812 1410 1901 1448 ne-

213 1469 402 1541 quitia
423 1469 496 1526 ab
527 1470 786 1527 eo--etsi
816 1471 926 1526 erit
952 1469 1063 1528 hoc
1084 1471 1330 1527 fortasse
1352 1471 1566 1542 duriuS,
1589 1471 1688 1528 sed
1716 1479 1901 1549 temp-

212 1555 432 1606 temus:
477 1549 676 1607 lusisse
698 1557 983 1627 putemur,
1009 1550 1057 1606 si
1085 1549 1239 1618 nihil,
1262 1547 1490 1607 site-ab
1520 1570 1605 1620 eo,
1628 1550 1785 1628 quod
1812 1571 1901 1610 ne-

213 1629 533 1701 quidquam
587 1637 674 1687 est
727 1630 788 1686 in
830 1630 932 1687 tali
973 1630 1226 1700 homine,
1258 1650 1327 1688 ex
1371 1650 1485 1707 quo
1528 1631 1900 1688 idem-nihili

212 1709 437 1766 dicitur.
511 1709 624 1777 Qui
655 1709 730 1766 sit
757 1709 915 1786 frugi
943 1710 1122 1786 igitur
1144 1709 1248 1781 vel,
1270 1711 1319 1767 si
1346 1711 1544 1782 maviS,
1567 1711 1898 1770 moderatus

212 1796 270 1846 et
302 1797 645 1866 temperans,
684 1810 815 1847 eum
851 1810 1078 1849 neccsse
1113 1799 1200 1849 est
1234 1811 1353 1849 esse
1388 1798 1766 1861 constantem,
1800 1792 1897 1870 qui

211 1876 402 1926 autem
433 1878 719 1941 constans,
753 1870 1028 1948 quietum,
1061 1871 1161 1948 qui
1192 1872 1436 1948 quictUS,
1467 1872 1899 1948 perturbatione

210 1949 372 2005 omni
401 1969 660 2022 vacuum,
693 1969 828 2027 ergo
865 1951 1039 2008 etiam
1073 1951 1448 2027 aegritudine.
1534 1952 1612 2009 Et
1640 1959 1774 2009 sunt
1802 1952 1899 2010 illa

211 2029 517 2106 sapientis:
562 2030 745 2088 aberit
773 2031 952 2107 igitur
979 2051 1012 2088 a
1040 2032 1297 2107 sapiente
1326 2032 1643 2108 aegritudo,

290 2109 396 2166 IX.
443 2109 646 2187 Itaque
680 2130 796 2168 non
831 2111 1034 2168 inscite
1069 2111 1441 2169 Heracleotes
1473 2112 1794 2190 Dionysius
1820 2114 1897 2171 ad

209 2208 276 2246 ea
308 2189 582 2267 disputat,
615 2209 759 2268 quae
793 2192 948 2267 apud
991 2191 1315 2249 Homerum
1350 2192 1607 2250 Achilles
1642 2194 1898 2269 queritur

208 2268 336 2339 hoc,
361 2279 426 2328 ut
455 2271 678 2348 opinor,
705 2272 912 2329 modo:

306 2398 502 2462 Corque
525 2414 693 2447 meum
717 2399 910 2462 penitus
936 2400 1174 2459 turgescit
1198 2399 1422 2447 tristibus
1446 2400 1547 2461 iris,

305 2464 436 2512 Cum
459 2464 636 2513 decore
659 2474 812 2527 atque
835 2464 971 2512 omni
995 2480 1075 2513 me
1100 2466 1329 2513 orbatum
1354 2465 1500 2513 laude
1524 2465 1772 2516 recordor.

211 2590 300 2642 19.
345 2584 500 2640 Num
524 2602 728 2641 manus
749 2584 978 2643 adfecta
1005 2590 1156 2642 recte
1180 2591 1281 2655 est,
1302 2603 1434 2641 cum
1458 2584 1516 2640 in
1540 2591 1765 2643 tumore
1789 2593 1891 2655 est,

205 2671 306 2721 aut
332 2683 472 2720 num
502 2663 658 2721 aliud
677 2665 988 2741 quodpiam
1020 2664 1343 2721 membrum
1372 2664 1663 2722 tumidum
1692 2684 1757 2721 ac
1778 2674 1895 2722 tur-

205 2744 407 2820 gidum
442 2763 559 2801 non
593 2744 798 2802 vitiose
833 2763 892 2801 se
927 2743 1138 2802 habet?
1220 2744 1315 2802 Sic
1348 2744 1527 2821 igitur
1567 2744 1799 2802 inflatus
1832 2752 1891 2802 et

205 2832 435 2881 tumens
463 2824 688 2881 animus
715 2824 775 2880 in
794 2824 936 2881 vitio
960 2831 1059 2882 est.
1140 2823 1427 2900 Sapientis
1456 2831 1647 2881 autem
1666 2824 1893 2881 animus

206 2922 429 2980 semper
447 2910 609 2959 vacat
630 2904 788 2974 vitio,
809 2922 1127 2980 numquam
1148 2906 1439 2981 turgescit,
1461 2923 1773 2980 numquam
1806 2911 1895 2961 tu-

205 2990 340 3041 met.
411 2983 497 3039 At
524 2983 656 3039 irati
684 2983 910 3039 animus
937 2984 1060 3040 eius
1088 2984 1249 3041 modi
1280 2992 1397 3041 est:
1442 3003 1757 3060 numquam
1788 2984 1892 3061 igi-

205 3063 552 3139 *dm-sapiens
579 3063 854 3120 irascitur.
934 3062 1085 3119 Nam
1115 3064 1163 3119 si
1192 3063 1467 3134 irascitur,
1489 3064 1660 3120 etiam
1686 3082 1890 3121 concu-

5 3159 386 3216 ψ.
463 3142 766 3219 Proprium
801 3150 886 3199 est
915 3143 1067 3200 enim
1098 3144 1228 3199 irati
1257 3162 1479 3219 cupere,
1505 3162 1539 3199 a
1568 3163 1681 3219 quo
1705 3143 1891 3201 laesus

206 3218 479 3291 videatur,
510 3222 561 3278 ci
599 3242 770 3298 quam
804 3222 1121 3278 maximum
1164 3221 1421 3278 dolorem
1455 3222 1694 3279 inurere.
1773 3220 1887 3291 Qui
