2235 3581
606 186 745 235 LIB.
784 187 849 246 1.,
884 185 1041 236 CAP.
1071 185 1542 235 XXVIII.-XXX.
1853 190 1916 236 31

233 307 375 344 nens
423 286 696 364 poculum
743 286 969 344 locutus
1017 288 1101 344 ita
1145 295 1247 359 est,
1279 285 1345 344 ut
1387 306 1506 345 non
1551 287 1625 344 ad
1669 295 1918 346 mortem

231 367 405 436 trudi,
425 386 624 424 verum
652 367 715 423 in
747 367 967 424 caelum
995 367 1285 424 videretur
1313 368 1628 426 escendere.
1713 369 1913 428 XXX.

236 447 328 504 72.
367 447 458 504 Ita
478 447 634 503 enim
656 447 924 504 censebat
950 448 1147 524 itaque
1175 447 1458 519 disseruit,
1485 448 1628 505 duas
1656 469 1776 506 csse
1798 451 1918 507 vias

234 527 602 604 duplicesque
650 546 847 584 cursus
902 527 1227 584 animorum
1277 547 1308 585 e
1353 547 1591 604 corpore
1647 530 1918 587 exceden-

232 608 396 664 tium.
482 606 634 663 Nam
664 607 764 683 qui
793 627 851 664 se
883 607 1152 664 humanis
1181 608 1338 664 vitiis
1372 609 1917 667 contaminavissent

233 694 292 745 et
326 707 384 744 se
417 693 575 744 totos
608 686 944 744 libidinibus
983 687 1290 758 dedissent,
1329 689 1538 765 quibus
1581 689 1793 746 caecati
1827 690 1916 746 vel

232 767 565 824 domesticis
593 767 749 824 vitiis
782 774 954 843 atque
986 766 1224 843 flagitiis
1259 771 1318 825 se
1345 769 1799 846 inquinavissent
1828 770 1915 825 vel

231 867 291 904 re
312 847 545 924 publica
570 846 835 904 violanda
855 847 1085 904 fraudes
1108 848 1482 925 inexpiabiles
1503 849 1913 926 concepissent,

230 929 303 984 iis
348 927 579 984 devium
626 927 918 1003 quoddam
962 927 1073 984 iter
1114 947 1251 1000 esse,
1289 929 1569 986 seclusum
1605 949 1640 985 a
1671 929 1916 986 concilio

232 1008 501 1064 deorum:
548 1008 647 1084 qui
680 1015 874 1064 autem
920 1027 978 1064 se
1023 1008 1280 1085 integros
1321 1016 1619 1085 castosque
1652 1009 1918 1066 servavis-

232 1094 361 1144 sent
390 1087 709 1164 quibusque
742 1087 949 1145 fuisset
982 1089 1225 1146 minima
1258 1109 1387 1146 cum
1424 1088 1758 1166 corporibus
1787 1108 1918 1146 con-

232 1168 392 1244 tagio
427 1187 661 1243 seseque
693 1167 765 1224 ab
799 1168 871 1224 iis
904 1187 1130 1246 semper
1163 1169 1580 1226 sevocavissent
1617 1163 1917 1245 essentque

232 1249 294 1304 in
324 1247 657 1324 corporibus
690 1247 959 1305 humanis
991 1250 1170 1305 vitam
1205 1249 1418 1306 imitati
1453 1249 1708 1320 deorum,
1739 1249 1810 1304 iis
1844 1249 1918 1304 ad

232 1327 378 1399 illos,
410 1347 444 1384 a
486 1328 693 1404 quibus
735 1336 923 1386 essent
965 1330 1229 1405 profecti,
1260 1329 1508 1386 reditum
1551 1328 1780 1386 facilem
1823 1347 1918 1405 pa·

233 1415 369 1465 tere.
457 1407 549 1465 73.
596 1407 799 1486 Itaque
842 1415 1272 1480 commemorat,
1309 1416 1376 1465 ut
1418 1409 1608 1486 cygni,
1659 1409 1758 1484 qui
1799 1427 1918 1464 non

234 1488 356 1544 sine
386 1507 554 1545 causa
574 1488 839 1566 Apollini
874 1488 1048 1546 dicati
1091 1489 1221 1559 sint,
1254 1489 1354 1546 sed
1383 1489 1540 1565 quod
1573 1488 1644 1545 ab
1679 1508 1748 1544 eo
1779 1488 1920 1544 divi-

232 1568 527 1626 nationem
557 1568 766 1626 habere
794 1569 1111 1640 videantur,
1145 1588 1258 1645 qua
1287 1568 1656 1645 providentes
1691 1567 1831 1644 quid
1858 1568 1918 1623 in

232 1656 421 1706 morte
454 1649 594 1706 boni
640 1649 717 1706 sit
760 1668 891 1706 cum
937 1657 1109 1706 cantu
1157 1655 1215 1706 et
1248 1649 1542 1725 voluptate
1581 1649 1916 1719 moriantur,

234 1729 315 1786 sic
361 1728 631 1786 omnibus
677 1729 843 1786 bonis
888 1735 947 1786 et
986 1729 1175 1786 doctis
1209 1748 1329 1786 esse
1362 1729 1707 1786 faciendum.
1796 1727 1853 1783 N
1856 1747 1919 1784 ec

234 1830 369 1867 vero
399 1810 471 1867 de
500 1810 611 1867 hoc
636 1810 938 1887 quisquam
970 1810 1233 1867 dubitare
1260 1817 1471 1887 posset,
1497 1810 1610 1866 nisi
1637 1808 1792 1866 idem
1820 1828 1922 1865 no-

233 1890 323 1947 bis
352 1890 635 1948 accideret
664 1890 972 1967 diligenter
999 1890 1071 1947 de
1100 1891 1294 1947 animo
1323 1890 1729 1965 cogitantibuS,
1764 1889 1921 1966 quod

234 1971 307 2028 iis
335 1990 502 2047 saepe
530 1990 639 2027 usu
668 1971 841 2041 venit,
876 1970 975 2047 qui
1006 1964 1190 2047 [cum]
1221 1970 1424 2027 acriter
1451 1969 1632 2027 oculis
1659 1968 1922 2027 deficien-

233 2058 355 2108 tem
384 2050 562 2107 solem
599 2051 971 2121 intuerentur,
1004 2058 1069 2107 ut
1102 2057 1394 2127 aspectum
1431 2050 1668 2107 omnino
1689 2050 1922 2129 'amitte-

234 2138 379 2202 rent,
406 2130 485 2187 sic
514 2131 727 2187 mentis
761 2130 909 2187 acies
944 2150 1003 2187 se
1037 2130 1162 2207 ipsa
1193 2131 1424 2187 intuens
1457 2149 1574 2186 non
1604 2148 1921 2205 numquam

234 2210 507 2281 hebescit,
540 2210 615 2268 ob
660 2229 899 2287 eamque
943 2230 1170 2267 causam
1213 2210 1642 2286 contemplandi
1684 2209 1923 2284 diligen-

234 2292 379 2349 tiam
422 2290 759 2348 amittimUS.
847 2290 1049 2367 Itaque
1092 2290 1378 2360 dubitanS,
1424 2290 1918 2365 circumspectam,

235 2370 540 2442 haesitanS,
577 2370 761 2427 multa
802 2370 1037 2428 adversa
1077 2389 1338 2428 reverens
1378 2376 1675 2445 tamquam
1709 2368 1768 2423 in
1803 2375 1922 2424 rat-e

236 2452 298 2507 in
346 2451 492 2507 mari
536 2451 821 2507 immenso
867 2457 1065 2507 nostra
1102 2450 1331 2507 vehitur
1381 2448 1580 2506 orati0.
1670 2448 1761 2505 74.
1808 2447 1924 2505 Sed

236 2530 377 2587 haec
412 2538 470 2587 et
498 2537 690 2587 vetera
722 2538 781 2587 et
814 2550 849 2587 a
880 2530 1128 2587 Graecis,
1202 2529 1348 2587 Cato
1383 2536 1576 2586 autem
1605 2528 1685 2585 sic
1715 2527 1858 2585 abiit
1893 2548 1924 2585 e

240 2612 371 2682 vita,
404 2617 470 2667 ut
504 2629 732 2667 causam
780 2610 1067 2667 moriendi
1112 2616 1346 2667 nactum
1381 2628 1440 2666 se
1475 2628 1595 2665 esse
1629 2608 1919 2685 gauderet.

237 2690 418 2748 Vetat
446 2690 600 2747 enim
630 2690 935 2747 dominans
962 2690 1057 2747 ille
1088 2691 1147 2746 in
1177 2689 1344 2746 nobis
1373 2689 1512 2746 deus
1540 2689 1760 2746 iniussu
1787 2688 1923 2745 hinc

238 2789 345 2827 nos
360 2790 463 2827 suo
482 2770 829 2847 demigrare:
867 2790 999 2827 cum
1015 2790 1148 2827 vero
1165 2788 1391 2827 causam
1414 2770 1622 2825 iustam
1639 2769 1779 2825 deus
1800 2769 1923 2845 ipse

240 2849 478 2921 dederit,
509 2856 575 2907 ut
607 2857 748 2908 tunc
784 2849 1023 2921 Socrati,
1059 2869 1214 2906 nunc
1244 2848 1470 2919 Catoni,
1503 2868 1671 2926 saepe
1703 2847 1921 2919 multis,

238 2948 311 2986 ne
340 2929 450 3001 ille,
482 2929 929 3001 mediusfidiuS,
952 2930 1042 2987 vir
1074 2930 1300 3007 sapiens
1333 2929 1516 2986 laetus
1550 2948 1618 2985 ex
1652 2928 1742 2984 his
1771 2935 1925 2985 tene-

237 3009 357 3067 bris
389 3010 451 3065 in
484 3010 670 3067 lucem
704 3009 862 3067 illam
898 3011 1212 3081 excesserit,
1249 3028 1354 3067 nec
1387 3016 1582 3066 tamen
1615 3008 1713 3065 illa
1739 3006 1925 3063 vincla

240 3090 477 3146 carceris
504 3090 959 3167 ruperit—leges
988 3089 1142 3147 enim
1166 3089 1545 3147 vetant—sed
1573 3096 1866 3163 tamquam
1891 3106 1924 3143 a

239 3169 578 3247 magistratu
608 3178 707 3227 aut
730 3170 801 3227 ab
824 3170 1014 3247 aliqua
1040 3176 1326 3247 potest-ate
1354 3169 1629 3246 legitima,
1651 3168 1729 3224 sic
1758 3185 1793 3222 a
1813 3166 1924 3224 deo

240 3256 510 3307 evocatus
540 3257 711 3326 atque
746 3250 983 3307 emissus
1012 3250 1228 3307 exierit.
1323 3249 1468 3305 Tota
1498 3248 1650 3305 enim
1671 3246 1924 3321 phi-loso-
