2235 3581
208 139 293 206 :28
452 137 1043 188 TUSCULANARUM
1088 136 1688 189 DISPUTATIONUM

228 257 301 295 ne
335 239 395 295 in
430 238 541 296 deo
576 239 807 315 quidem
840 239 1156 315 quidquam
1195 239 1382 296 maius
1410 238 1668 315 intellegi
1701 245 1911 316 potest.

228 318 363 375 Non
400 319 555 375 enim
588 318 874 375 ambrosia
906 319 1047 375 deos
1079 326 1181 376 aut
1211 326 1438 376 nectare
1470 325 1572 376 aut
1612 319 1915 376 Iuventate

228 397 436 474 pocula
486 398 849 455 ministrante
891 398 1087 456 laetari
1137 398 1397 469 arbitror,
1441 418 1546 456 nec
1589 399 1914 456 Homerum

228 478 420 549 audi0,
447 478 548 554 qui
568 477 945 554 Ganymeden
967 478 1038 536 ab
1069 479 1159 535 dis
1186 485 1416 555 raptum
1439 479 1522 535 ait
1542 485 1780 556 propter
1798 479 1917 536 for-

227 576 401 628 mam,
427 564 493 614 ut
514 557 640 614 Iovi
662 557 857 615 bibere
877 558 1260 616 ministraret:
1304 577 1422 615 non
1451 559 1604 615 iusta
1624 577 1792 614 causa
1814 577 1918 615 cur

228 635 611 695 Laomedonti
638 644 801 694 tanta
821 637 982 694 fieret
1011 637 1236 696 iniuria.
1323 637 1605 714 Fingebat
1623 637 1764 695 haec
1791 637 1918 695 Ho-

227 735 417 774 merus
444 723 504 774 et
532 717 785 774 humana
816 717 891 774 ad
925 717 1063 775 deos
1096 717 1508 775 transferebat:
1553 717 1750 775 divina
1774 717 1916 774 mal-

228 795 340 853 lem
375 797 449 854 ad
483 816 604 854 nos.
684 796 843 864 Quae
888 804 1081 854 autem
1126 797 1354 854 divina?
1427 797 1659 874 Vigere,
1697 816 1910 874 sapere,

227 876 498 948 invenire,
529 877 873 934 meminisse.
958 877 1113 954 Ergo
1141 877 1384 948 animae,
1414 884 1481 934 ut
1514 895 1622 954 ego
1651 877 1799 947 dioc,
1831 877 1916 934 di-
1965 943 1972 946 ,

229 955 393 1013 vinus
416 963 517 1029 est,
543 963 607 1014 ut
635 957 943 1033 Euripides
969 957 1160 1014 dicere
1187 957 1376 1027 audet,
1401 957 1557 1028 deuS,
1583 964 1641 1014 et
1659 956 1912 1034 quidem,

228 1035 276 1091 si
304 1035 446 1093 deus
474 1043 574 1094 aut
602 1037 797 1094 anima
822 1043 922 1094 aut
950 1037 1103 1114 ignis
1131 1045 1234 1108 est,
1259 1037 1415 1094 idem
1445 1043 1532 1094 est
1559 1037 1784 1094 animus
1810 1036 1914 1093 ho-

227 1115 415 1173 minis,
502 1116 653 1174 Nam
681 1123 748 1174 ut
774 1117 873 1174 illa
898 1124 1103 1174 natura
1129 1116 1386 1176 caelestis
1414 1124 1474 1175 et
1500 1123 1650 1175 terra
1670 1122 1834 1174 vacat
1853 1123 1915 1173 et

228 1195 486 1267 humore,
512 1196 592 1253 sic
614 1197 910 1273 utriusque
932 1197 1134 1254 harum
1159 1216 1348 1254 rerum
1376 1196 1661 1256 humanus
1687 1197 1916 1253 animus

228 1282 317 1332 est
348 1295 564 1352 expers.
650 1273 751 1332 Sin
786 1283 979 1334 autem
1022 1284 1109 1334 est
1152 1277 1354 1354 quinta
1389 1277 1669 1353 quaedam
1710 1283 1916 1333 natura

229 1354 300 1411 ab
338 1354 651 1413 Aristotele
691 1357 929 1414 inducta
968 1357 1239 1433 primum,
1269 1356 1410 1414 haec
1449 1363 1508 1414 et
1549 1357 1788 1414 deorum
1825 1362 1913 1413 est

228 1441 287 1491 et
314 1436 653 1494 animorum.
740 1436 908 1494 Hanc
936 1456 1043 1493 nos
1070 1437 1410 1494 sententiam
1444 1437 1624 1495 secuti
1650 1436 1743 1493 his
1769 1435 1914 1513 ipsis

228 1515 415 1572 verbis
442 1516 501 1573 in
532 1515 943 1574 Consolatione
970 1516 1080 1574 hoc
1108 1517 1525 1594 expressimus:

308 1595 565 1655 XXVII.
653 1602 745 1654 66.
785 1596 1171 1654 “Animorum
1200 1597 1356 1654 nulla
1375 1597 1435 1653 in
1457 1597 1624 1654 terris
1645 1597 1808 1673 origo
1829 1595 1913 1650 in-

228 1675 409 1734 veniri
441 1683 649 1752 potest.
735 1675 898 1733 Nihil
928 1676 1081 1733 enim
1110 1683 1199 1734 est
1231 1677 1291 1734 in
1321 1677 1527 1734 animis
1553 1677 1802 1733 mixtum
1831 1681 1912 1731 at·

230 1774 339 1832 que
362 1763 692 1814 concretum
714 1762 815 1813 aut
836 1756 993 1833 quod
1022 1775 1090 1813 ex
1111 1762 1264 1815 terra
1288 1763 1492 1815 natum
1520 1763 1692 1835 atque
1711 1755 1910 1814 fictum

228 1836 654 1908 essevideatur,
678 1836 823 1893 nihil
850 1856 923 1894 ne
952 1843 1051 1893 aut
1084 1836 1390 1894 humidum
1420 1837 1652 1914 quidem
1688 1844 1790 1893 aut
1815 1836 1913 1893 fla-

227 1915 341 1973 bile
379 1924 479 1974 aut
520 1917 773 1993 igneum.
859 1917 971 1973 His
1012 1918 1168 1974 enim
1210 1917 1271 1973 in
1313 1917 1534 1975 naturis
1573 1916 1722 1974 nihil
1761 1917 1912 1976 inest

229 1997 388 2073 quod
434 1997 553 2053 vim
600 1997 927 2068 memoriae,
976 1998 1207 2068 mentiS,
1259 1997 1629 2073 cogitationis
1681 1996 1907 2070 habeat,

228 2076 387 2153 quod
412 2083 471 2134 et
498 2077 805 2153 praeterita
830 2083 1025 2135 teneat
1052 2085 1109 2135 et
1130 2077 1328 2134 futura
1353 2077 1654 2153 provideat
1675 2083 1734 2134 et
1759 2095 1912 2135 com-

160 2174 163 2177 ·
226 2156 402 2232 plecti
435 2157 618 2233 possit
651 2157 1003 2233 praesentia:
1053 2176 1198 2234 quae
1240 2157 1361 2213 sola
1401 2156 1598 2213 divina
1638 2163 1773 2214 sunt
1804 2177 1910 2215 nec

227 2236 549 2295 invenietur
577 2256 848 2314 umquam
877 2237 1031 2295 unde
1052 2237 1127 2293 ad
1153 2236 1450 2294 hominem
1472 2237 1664 2293 venire
1686 2238 1912 2313 possint

226 2316 339 2373 nisi
366 2336 400 2374 a
428 2317 551 2375 dec.
625 2317 943 2395 Singularis
970 2324 1057 2375 est
1085 2316 1262 2394 igitur
1291 2316 1568 2393 quaedam
1600 2324 1804 2373 natura
1829 2325 1912 2375 at-

229 2414 339 2472 que
361 2398 445 2453 vis
474 2398 651 2454 animi
681 2400 939 2455 seiuncta
970 2397 1042 2454 ab
1075 2397 1168 2453 his
1196 2396 1424 2453 usitatis
1451 2396 1720 2472 notisque
1747 2404 1912 2474 natu-

226 2476 320 2534 ris.
405 2476 497 2534 Ita
524 2477 806 2553 quidquid
834 2483 921 2533 est
952 2476 1111 2546 illud,
1146 2477 1304 2554 quod
1331 2476 1522 2547 sentit,
1555 2476 1712 2552 quod
1740 2478 1907 2553 sapit,

230 2556 387 2631 quod
413 2556 572 2627 vivit,
606 2556 763 2632 quod
789 2556 963 2631 viget,
996 2556 1236 2613 caeleste
1269 2563 1327 2613 et
1361 2556 1619 2613 divinum
1658 2555 1734 2613 ob
1762 2576 1912 2613 eam-

229 2654 339 2711 que
372 2655 492 2693 rem
526 2642 821 2693 aeternum
864 2636 939 2692 sit
979 2654 1208 2693 necesse
1249 2643 1350 2694 est.
1437 2635 1560 2692 Nec
1592 2654 1728 2693 vero
1769 2636 1911 2693 deus

221 2724 360 2800 ipse,
382 2722 481 2799 qui
507 2718 864 2797 intellegitur
889 2738 924 2776 a
949 2718 1135 2791 nobiS,
1160 2718 1273 2776 alio
1292 2718 1472 2776 modo
1500 2718 1757 2796 intellegi
1786 2724 1911 2795 pot-

224 2810 310 2861 est
336 2802 447 2859 nisi
478 2819 639 2858 mens
674 2799 861 2857 soluta
890 2800 1171 2876 quaedam
1205 2805 1264 2856 et
1290 2798 1482 2866 libera,
1511 2805 1806 2875 segregata
1839 2796 1913 2855 ab

225 2883 384 2940 omni
416 2880 781 2939 concretione
808 2879 1054 2951 mortali,
1082 2879 1278 2936 omnia
1305 2879 1554 2935 sentiens
1587 2885 1647 2935 et
1674 2897 1913 2935 movens

225 2963 461 3040 ipsaque
488 2960 751 3039 praedita
776 2967 941 3017 motu
976 2958 1382 3036 sempiterno.’'
1470 2958 1561 3015 67.
1600 2958 1732 3015 Hoc
1761 2978 1791 3015 e
1820 2976 1914 3031 ge-

224 3063 357 3102 nere
390 3050 562 3121 atque
596 3041 793 3099 eadem
830 3060 861 3097 e
890 3045 1095 3097 natura
1127 3046 1214 3097 est
1241 3039 1496 3095 humana
1527 3057 1704 3095 menS.
1791 3036 1914 3096 Ubi

224 3124 403 3201 igitur
430 3130 531 3181 aut
552 3121 735 3200 qualis
763 3126 850 3178 est
876 3120 988 3177 ista
1012 3138 1177 3176 mens
1197 3118 1422 3177 2—Ubi
1444 3125 1545 3175 tua
1572 3125 1671 3175 aut
1695 3118 1915 3194 qualis?

227 3212 465 3281 potesne
498 3202 723 3261 dicere?
771 3219 860 3271 an,
892 3200 941 3257 si
975 3200 1172 3257 omnia
1203 3200 1276 3256 ad
1312 3198 1763 3274 intellegendum
1796 3216 1914 3253 non
