<?xml version="1.0" encoding="UTF-8"?>
<!DOCTYPE html PUBLIC "-//W3C//DTD XHTML 1.0 Transitional//EN"
    "http://www.w3.org/TR/xhtml1/DTD/xhtml1-transitional.dtd">
<html xmlns="http://www.w3.org/1999/xhtml" xml:lang="en" lang="en">
 <head>
  <title>
</title>
<meta http-equiv="Content-Type" content="text/html;charset=utf-8" />
  <meta name='ocr-system' content='tesseract 3.04.00' />
  <meta name='ocr-capabilities' content='ocr_page ocr_carea ocr_par ocr_line ocrx_word'/>
</head>
<body>
  <div class='ocr_page' id='page_1' title='image "./tusculanarumdis06cicegoog_0107.png"; bbox 0 0 2235 3581; ppageno 0'>
   <div class='ocr_carea' id='block_1_1' title="bbox 14 389 24 1031">
    <p class='ocr_par' dir='ltr' id='par_1_1' title="bbox 14 389 24 1031">
     <span class='ocr_line' id='line_1_1' title="bbox 14 389 24 1031; baseline 0 0"><span class='ocrx_word' id='word_1_1' title='bbox 14 389 24 1031; x_wconf 95' lang='lat' dir='ltr'> </span> 
     </span>
    </p>
   </div>
   <div class='ocr_carea' id='block_1_2' title="bbox 695 159 1997 223">
    <p class='ocr_par' dir='ltr' id='par_1_2' title="bbox 695 159 1997 223">
     <span class='ocr_line' id='line_1_2' title="bbox 695 159 1997 223; baseline 0.002 -13"><span class='ocrx_word' id='word_1_2' title='bbox 695 163 833 211; x_wconf 84' lang='lat' dir='ltr'>LIB.</span> <span class='ocrx_word' id='word_1_3' title='bbox 875 162 998 223; x_wconf 72' lang='lat'>111„</span> <span class='ocrx_word' id='word_1_4' title='bbox 1033 161 1191 211; x_wconf 88' lang='lat' dir='ltr'><strong>CAP.</strong></span> <span class='ocrx_word' id='word_1_5' title='bbox 1224 159 1589 212; x_wconf 82' lang='lat' dir='ltr'>XVIIL-XX.</span> <span class='ocrx_word' id='word_1_6' title='bbox 1928 167 1997 212; x_wconf 80' lang='grc'>97</span> 
     </span>
    </p>
   </div>
   <div class='ocr_carea' id='block_1_3' title="bbox 284 263 2057 3305">
    <p class='ocr_par' dir='ltr' id='par_1_3' title="bbox 300 263 1998 504">
     <span class='ocr_line' id='line_1_3' title="bbox 301 263 1998 342; baseline -0.002 -17"><span class='ocrx_word' id='word_1_7' title='bbox 301 268 427 326; x_wconf 86' lang='lat' dir='ltr'>tina</span> <span class='ocrx_word' id='word_1_8' title='bbox 455 273 513 324; x_wconf 88' lang='lat' dir='ltr'>et</span> <span class='ocrx_word' id='word_1_9' title='bbox 541 264 887 342; x_wconf 89' lang='lat' dir='ltr'>necopinata</span> <span class='ocrx_word' id='word_1_10' title='bbox 913 283 1034 322; x_wconf 88' lang='lat' dir='ltr'>esse</span> <span class='ocrx_word' id='word_1_11' title='bbox 1062 263 1341 341; x_wconf 86' lang='lat' dir='ltr'>graviora.</span> <span class='ocrx_word' id='word_1_12' title='bbox 1412 263 1791 341; x_wconf 81' lang='lat' dir='ltr'>Exaggeratis</span> <span class='ocrx_word' id='word_1_13' title='bbox 1816 263 1998 342; x_wconf 86' lang='lat' dir='ltr'>igitur</span> 
     </span>
     <span class='ocr_line' id='line_1_4' title="bbox 300 344 1997 425; baseline -0.001 -20"><span class='ocrx_word' id='word_1_14' title='bbox 300 348 476 425; x_wconf 86' lang='lat' dir='ltr'>regiis</span> <span class='ocrx_word' id='word_1_15' title='bbox 505 346 730 423; x_wconf 90' lang='lat' dir='ltr'>opibus,</span> <span class='ocrx_word' id='word_1_16' title='bbox 753 363 898 423; x_wconf 85' lang='lat' dir='ltr'>quae</span> <span class='ocrx_word' id='word_1_17' title='bbox 919 344 1267 402; x_wconf 87' lang='lat' dir='ltr'>videbantur</span> <span class='ocrx_word' id='word_1_18' title='bbox 1285 344 1667 422; x_wconf 76' lang='lat' dir='ltr'>sempiternae</span> <span class='ocrx_word' id='word_1_19' title='bbox 1687 345 1830 416; x_wconf 86' lang='lat' dir='ltr'>fore,</span> <span class='ocrx_word' id='word_1_20' title='bbox 1854 346 1997 421; x_wconf 87' lang='lat' dir='ltr'>quid</span> 
     </span>
     <span class='ocr_line' id='line_1_5' title="bbox 303 427 610 504; baseline -0.01 -18"><span class='ocrx_word' id='word_1_21' title='bbox 303 427 610 504; x_wconf 63' lang='lat' dir='ltr'>adiungit?</span> 
     </span>
    </p>

    <p class='ocr_par' dir='ltr' id='par_1_4' title="bbox 731 501 1535 560">
     <span class='ocr_line' id='line_1_6' title="bbox 731 501 1535 560; baseline 0 -10"><span class='ocrx_word' id='word_1_22' title='bbox 731 503 873 551; x_wconf 78' lang='lat' dir='ltr'>Haec</span> <span class='ocrx_word' id='word_1_23' title='bbox 897 502 1068 550; x_wconf 83' lang='lat' dir='ltr'>omnia</span> <span class='ocrx_word' id='word_1_24' title='bbox 1087 501 1193 550; x_wconf 84' lang='lat' dir='ltr'>vidi</span> <span class='ocrx_word' id='word_1_25' title='bbox 1216 501 1535 560; x_wconf 83' lang='lat' dir='ltr'>inflammari,</span> 
     </span>
    </p>

    <p class='ocr_par' dir='ltr' id='par_1_5' title="bbox 727 568 1396 627">
     <span class='ocr_line' id='line_1_7' title="bbox 727 568 1396 627; baseline -0.003 -10"><span class='ocrx_word' id='word_1_26' title='bbox 727 569 932 617; x_wconf 80' lang='lat' dir='ltr'>Priamo</span> <span class='ocrx_word' id='word_1_27' title='bbox 955 568 1006 616; x_wconf 83' lang='lat' dir='ltr'>vi</span> <span class='ocrx_word' id='word_1_28' title='bbox 1027 568 1183 616; x_wconf 69' lang='lat' dir='ltr'>vitam</span> <span class='ocrx_word' id='word_1_29' title='bbox 1207 568 1396 627; x_wconf 84' lang='lat' dir='ltr'>evitari,</span> 
     </span>
    </p>

    <p class='ocr_par' dir='ltr' id='par_1_6' title="bbox 295 633 2057 1542">
     <span class='ocr_line' id='line_1_8' title="bbox 729 633 1514 698; baseline -0.001 -16"><span class='ocrx_word' id='word_1_30' title='bbox 729 635 862 682; x_wconf 86' lang='lat' dir='ltr'>lovis</span> <span class='ocrx_word' id='word_1_31' title='bbox 885 649 1026 682; x_wconf 82' lang='lat' dir='ltr'>aram</span> <span class='ocrx_word' id='word_1_32' title='bbox 1048 634 1289 694; x_wconf 80' lang='lat' dir='ltr'>sanguine</span> <span class='ocrx_word' id='word_1_33' title='bbox 1312 633 1514 698; x_wconf 73' lang='lat' dir='ltr'>turpari.</span> 
     </span>
     <span class='ocr_line' id='line_1_9' title="bbox 301 741 1995 802; baseline 0 0"><span class='ocrx_word' id='word_1_34' title='bbox 301 751 394 802; x_wconf 82' lang='lat'>46.</span> <span class='ocrx_word' id='word_1_35' title='bbox 441 743 802 802; x_wconf 84' lang='lat' dir='ltr'>Praeclarum</span> <span class='ocrx_word' id='word_1_36' title='bbox 833 761 1060 800; x_wconf 85' lang='lat' dir='ltr'>carmen</span> <span class='ocrx_word' id='word_1_37' title='bbox 1088 743 1100 800; x_wconf 77' lang='lat' dir='ltr'>l</span> <span class='ocrx_word' id='word_1_38' title='bbox 1186 741 1291 799; x_wconf 86' lang='lat' dir='ltr'>Est</span> <span class='ocrx_word' id='word_1_39' title='bbox 1322 741 1478 799; x_wconf 89' lang='lat' dir='ltr'>enim</span> <span class='ocrx_word' id='word_1_40' title='bbox 1508 750 1568 799; x_wconf 89' lang='lat' dir='ltr'>et</span> <span class='ocrx_word' id='word_1_41' title='bbox 1596 742 1767 800; x_wconf 87' lang='lat' dir='ltr'>rebus</span> <span class='ocrx_word' id='word_1_42' title='bbox 1794 750 1853 801; x_wconf 87' lang='lat' dir='ltr'>et</span> <span class='ocrx_word' id='word_1_43' title='bbox 1876 764 1995 802; x_wconf 86' lang='lat' dir='ltr'>ver-</span> 
     </span>
     <span class='ocr_line' id='line_1_10' title="bbox 298 822 1987 900; baseline -0.001 -17"><span class='ocrx_word' id='word_1_44' title='bbox 298 825 388 883; x_wconf 88' lang='lat' dir='ltr'>bis</span> <span class='ocrx_word' id='word_1_45' title='bbox 410 832 468 882; x_wconf 86' lang='lat' dir='ltr'>et</span> <span class='ocrx_word' id='word_1_46' title='bbox 489 825 680 880; x_wconf 89' lang='lat' dir='ltr'>modis</span> <span class='ocrx_word' id='word_1_47' title='bbox 696 823 955 900; x_wconf 83' lang='lat' dir='ltr'>lugubre.</span> <span class='ocrx_word' id='word_1_48' title='bbox 1034 822 1365 899; x_wconf 85' lang='lat' dir='ltr'><strong>Eripiamus</strong></span> <span class='ocrx_word' id='word_1_49' title='bbox 1392 822 1527 880; x_wconf 87' lang='lat' dir='ltr'>huic</span> <span class='ocrx_word' id='word_1_50' title='bbox 1546 823 1987 899; x_wconf 79' lang='lat' dir='ltr'>aegritudinem.</span> 
     </span>
     <span class='ocr_line' id='line_1_11' title="bbox 300 902 1987 980; baseline -0.001 -18"><span class='ocrx_word' id='word_1_51' title='bbox 300 906 430 974; x_wconf 84' lang='lat' dir='ltr'>Quo</span> <span class='ocrx_word' id='word_1_52' title='bbox 452 904 662 961; x_wconf 80' lang='lat' dir='ltr'>modo!</span> <span class='ocrx_word' id='word_1_53' title='bbox 729 903 1092 960; x_wconf 85' lang='lat' dir='ltr'>Collocemus</span> <span class='ocrx_word' id='word_1_54' title='bbox 1115 903 1173 958; x_wconf 86' lang='lat' dir='ltr'>in</span> <span class='ocrx_word' id='word_1_55' title='bbox 1200 902 1407 960; x_wconf 78' lang='lat' dir='ltr'>culcita</span> <span class='ocrx_word' id='word_1_56' title='bbox 1427 902 1673 980; x_wconf 85' lang='lat' dir='ltr'>plumea,</span> <span class='ocrx_word' id='word_1_57' title='bbox 1694 903 1987 980; x_wconf 87' lang='lat' dir='ltr'>psaltriam</span> 
     </span>
     <span class='ocr_line' id='line_1_12' title="bbox 299 983 1992 1059; baseline -0.001 -17"><span class='ocrx_word' id='word_1_58' title='bbox 299 985 667 1055; x_wconf 87' lang='lat' dir='ltr'>adducamus,</span> <span class='ocrx_word' id='word_1_59' title='bbox 691 983 974 1059; x_wconf 87' lang='lat' dir='ltr'>hedychri</span> <span class='ocrx_word' id='word_1_60' title='bbox 1003 983 1377 1040; x_wconf 84' lang='lat' dir='ltr'>incendamus</span> <span class='ocrx_word' id='word_1_61' title='bbox 1406 983 1718 1055; x_wconf 79' lang='lat' dir='ltr'>scutellam,</span> <span class='ocrx_word' id='word_1_62' title='bbox 1740 984 1992 1042; x_wconf 87' lang='lat' dir='ltr'>dulcicu-</span> 
     </span>
     <span class='ocr_line' id='line_1_13' title="bbox 297 1062 2057 1142; baseline 0 -20"><span class='ocrx_word' id='word_1_63' title='bbox 297 1066 383 1122; x_wconf 87' lang='lat' dir='ltr'>lae</span> <span class='ocrx_word' id='word_1_64' title='bbox 411 1065 669 1142; x_wconf 81' lang='lat' dir='ltr'>potionis</span> <span class='ocrx_word' id='word_1_65' title='bbox 703 1063 921 1140; x_wconf 89' lang='lat' dir='ltr'>aliquid</span> <span class='ocrx_word' id='word_1_66' title='bbox 941 1062 1239 1120; x_wconf 87' lang='lat' dir='ltr'>videamus</span> <span class='ocrx_word' id='word_1_67' title='bbox 1267 1070 1325 1120; x_wconf 89' lang='lat' dir='ltr'>et</span> <span class='ocrx_word' id='word_1_68' title='bbox 1353 1063 1483 1120; x_wconf 85' lang='lat' dir='ltr'>cibi.</span> <span class='ocrx_word' id='word_1_69' title='bbox 1569 1063 1730 1121; x_wconf 88' lang='lat' dir='ltr'>Haec</span> <span class='ocrx_word' id='word_1_70' title='bbox 1753 1064 1987 1122; x_wconf 86' lang='lat' dir='ltr'>tandem</span> <span class='ocrx_word' id='word_1_71' title='bbox 2051 1133 2057 1140; x_wconf 93' lang='lat'>.</span> 
     </span>
     <span class='ocr_line' id='line_1_14' title="bbox 296 1143 1991 1221; baseline -0.001 -19"><span class='ocrx_word' id='word_1_72' title='bbox 296 1145 450 1203; x_wconf 87' lang='lat' dir='ltr'>bona</span> <span class='ocrx_word' id='word_1_73' title='bbox 478 1152 628 1214; x_wconf 81' lang='lat' dir='ltr'>sunt,</span> <span class='ocrx_word' id='word_1_74' title='bbox 651 1143 860 1221; x_wconf 85' lang='lat' dir='ltr'>quibus</span> <span class='ocrx_word' id='word_1_75' title='bbox 881 1143 1272 1220; x_wconf 77' lang='lat' dir='ltr'>aegritudines</span> <span class='ocrx_word' id='word_1_76' title='bbox 1293 1143 1661 1221; x_wconf 85' lang='lat' dir='ltr'>gravissimae</span> <span class='ocrx_word' id='word_1_77' title='bbox 1690 1144 1991 1202; x_wconf 85' lang='lat' dir='ltr'>detrahan-</span> 
     </span>
     <span class='ocr_line' id='line_1_15' title="bbox 295 1223 1986 1302; baseline -0.001 -19"><span class='ocrx_word' id='word_1_78' title='bbox 295 1235 423 1283; x_wconf 88' lang='lat' dir='ltr'>tur:</span> <span class='ocrx_word' id='word_1_79' title='bbox 469 1233 534 1282; x_wconf 93' lang='lat' dir='ltr'>tu</span> <span class='ocrx_word' id='word_1_80' title='bbox 577 1225 731 1282; x_wconf 87' lang='lat' dir='ltr'>enim</span> <span class='ocrx_word' id='word_1_81' title='bbox 773 1223 968 1300; x_wconf 88' lang='lat' dir='ltr'>paullo</span> <span class='ocrx_word' id='word_1_82' title='bbox 1002 1230 1137 1280; x_wconf 89' lang='lat' dir='ltr'>ante</span> <span class='ocrx_word' id='word_1_83' title='bbox 1178 1243 1250 1281; x_wconf 90' lang='lat' dir='ltr'>ne</span> <span class='ocrx_word' id='word_1_84' title='bbox 1292 1224 1623 1300; x_wconf 81' lang='lat' dir='ltr'>intellegere</span> <span class='ocrx_word' id='word_1_85' title='bbox 1656 1231 1716 1282; x_wconf 86' lang='lat' dir='ltr'>tc</span> <span class='ocrx_word' id='word_1_86' title='bbox 1752 1225 1986 1302; x_wconf 91' lang='lat' dir='ltr'>quidem</span> 
     </span>
     <span class='ocr_line' id='line_1_16' title="bbox 295 1303 1989 1381; baseline 0 -19"><span class='ocrx_word' id='word_1_87' title='bbox 295 1307 406 1363; x_wconf 88' lang='lat' dir='ltr'>alia</span> <span class='ocrx_word' id='word_1_88' title='bbox 429 1305 543 1363; x_wconf 88' lang='lat' dir='ltr'>ulla</span> <span class='ocrx_word' id='word_1_89' title='bbox 560 1304 804 1363; x_wconf 86' lang='lat' dir='ltr'>dicebas.</span> <span class='ocrx_word' id='word_1_90' title='bbox 878 1303 1157 1363; x_wconf 87' lang='lat' dir='ltr'>Revocari</span> <span class='ocrx_word' id='word_1_91' title='bbox 1184 1304 1364 1381; x_wconf 85' lang='lat' dir='ltr'>igitur</span> <span class='ocrx_word' id='word_1_92' title='bbox 1384 1310 1648 1380; x_wconf 82' lang='lat' dir='ltr'>oportere</span> <span class='ocrx_word' id='word_1_93' title='bbox 1677 1323 1709 1361; x_wconf 92' lang='lat' dir='ltr'>a</span> <span class='ocrx_word' id='word_1_94' title='bbox 1730 1324 1989 1362; x_wconf 85' lang='lat' dir='ltr'>maerore</span> 
     </span>
     <span class='ocr_line' id='line_1_17' title="bbox 295 1383 1987 1463; baseline -0.001 -19"><span class='ocrx_word' id='word_1_95' title='bbox 295 1387 369 1444; x_wconf 90' lang='lat' dir='ltr'>ad</span> <span class='ocrx_word' id='word_1_96' title='bbox 399 1386 810 1463; x_wconf 79' lang='lat' dir='ltr'>cogitationem</span> <span class='ocrx_word' id='word_1_97' title='bbox 841 1384 1127 1441; x_wconf 86' lang='lat' dir='ltr'>bonorum</span> <span class='ocrx_word' id='word_1_98' title='bbox 1157 1385 1489 1441; x_wconf 84' lang='lat' dir='ltr'>conveniret</span> <span class='ocrx_word' id='word_1_99' title='bbox 1516 1383 1661 1440; x_wconf 79' lang='lat' dir='ltr'>mihi</span> <span class='ocrx_word' id='word_1_100' title='bbox 1690 1403 1821 1440; x_wconf 91' lang='lat' dir='ltr'>cum</span> <span class='ocrx_word' id='word_1_101' title='bbox 1852 1385 1987 1462; x_wconf 86' lang='lat' dir='ltr'>Epi-</span> 
     </span>
     <span class='ocr_line' id='line_1_18' title="bbox 295 1464 1502 1542; baseline 0 -20"><span class='ocrx_word' id='word_1_102' title='bbox 295 1486 450 1535; x_wconf 87' lang='lat' dir='ltr'>cur0,</span> <span class='ocrx_word' id='word_1_103' title='bbox 477 1466 523 1523; x_wconf 90' lang='lat' dir='ltr'>si</span> <span class='ocrx_word' id='word_1_104' title='bbox 555 1465 695 1542; x_wconf 88' lang='lat' dir='ltr'>quid</span> <span class='ocrx_word' id='word_1_105' title='bbox 730 1471 878 1522; x_wconf 88' lang='lat' dir='ltr'>esset</span> <span class='ocrx_word' id='word_1_106' title='bbox 905 1464 1124 1521; x_wconf 88' lang='lat' dir='ltr'>bonum</span> <span class='ocrx_word' id='word_1_107' title='bbox 1157 1465 1502 1522; x_wconf 69' lang='lat' dir='ltr'>conveniret.</span> 
     </span>
    </p>

    <p class='ocr_par' dir='ltr' id='par_1_7' title="bbox 284 1543 1988 3305">
     <span class='ocr_line' id='line_1_19' title="bbox 375 1543 1988 1622; baseline -0.002 -19"><span class='ocrx_word' id='word_1_108' title='bbox 375 1547 511 1603; x_wconf 92' lang='lat' dir='ltr'>XX.</span> <span class='ocrx_word' id='word_1_109' title='bbox 548 1545 721 1602; x_wconf 84' lang='lat' dir='ltr'>Dicet</span> <span class='ocrx_word' id='word_1_110' title='bbox 753 1544 992 1622; x_wconf 87' lang='lat' dir='ltr'>aliquis:</span> <span class='ocrx_word' id='word_1_111' title='bbox 1037 1543 1192 1613; x_wconf 81' lang='lat' dir='ltr'>Quid</span> <span class='ocrx_word' id='word_1_112' title='bbox 1228 1545 1403 1620; x_wconf 61' lang='lat' dir='ltr'>ergo?</span> <span class='ocrx_word' id='word_1_113' title='bbox 1443 1551 1507 1601; x_wconf 91' lang='lat' dir='ltr'>tu</span> <span class='ocrx_word' id='word_1_114' title='bbox 1542 1543 1856 1620; x_wconf 88' lang='lat' dir='ltr'>Epicurum</span> <span class='ocrx_word' id='word_1_115' title='bbox 1894 1563 1988 1601; x_wconf 88' lang='lat' dir='ltr'>cx-</span> 
     </span>
     <span class='ocr_line' id='line_1_20' title="bbox 294 1624 1986 1684; baseline -0.001 0"><span class='ocrx_word' id='word_1_116' title='bbox 294 1627 518 1684; x_wconf 84' lang='lat' dir='ltr'>istimas</span> <span class='ocrx_word' id='word_1_117' title='bbox 555 1626 666 1683; x_wconf 87' lang='lat' dir='ltr'>ista</span> <span class='ocrx_word' id='word_1_118' title='bbox 701 1625 947 1682; x_wconf 85' lang='lat' dir='ltr'>voluisse</span> <span class='ocrx_word' id='word_1_119' title='bbox 981 1632 1082 1681; x_wconf 89' lang='lat' dir='ltr'>aut</span> <span class='ocrx_word' id='word_1_120' title='bbox 1123 1624 1460 1682; x_wconf 82' lang='lat' dir='ltr'>libidinosas</span> <span class='ocrx_word' id='word_1_121' title='bbox 1495 1624 1618 1682; x_wconf 86' lang='lat' dir='ltr'>eius</span> <span class='ocrx_word' id='word_1_122' title='bbox 1649 1624 1828 1682; x_wconf 89' lang='lat' dir='ltr'>fuisse</span> <span class='ocrx_word' id='word_1_123' title='bbox 1864 1644 1986 1682; x_wconf 88' lang='lat' dir='ltr'>sen-</span> 
     </span>
     <span class='ocr_line' id='line_1_21' title="bbox 293 1704 1984 1783; baseline -0.001 -19"><span class='ocrx_word' id='word_1_124' title='bbox 293 1707 537 1764; x_wconf 65' lang='lat' dir='ltr'>tentias?</span> <span class='ocrx_word' id='word_1_125' title='bbox 618 1706 746 1783; x_wconf 90' lang='lat' dir='ltr'>Ego</span> <span class='ocrx_word' id='word_1_126' title='bbox 769 1725 903 1762; x_wconf 87' lang='lat' dir='ltr'>vero</span> <span class='ocrx_word' id='word_1_127' title='bbox 931 1705 1187 1762; x_wconf 87' lang='lat' dir='ltr'>minime.</span> <span class='ocrx_word' id='word_1_128' title='bbox 1261 1705 1454 1763; x_wconf 88' lang='lat' dir='ltr'>Video</span> <span class='ocrx_word' id='word_1_129' title='bbox 1482 1705 1636 1762; x_wconf 87' lang='lat' dir='ltr'>enim</span> <span class='ocrx_word' id='word_1_130' title='bbox 1666 1704 1738 1760; x_wconf 87' lang='lat' dir='ltr'>ab</span> <span class='ocrx_word' id='word_1_131' title='bbox 1768 1724 1838 1762; x_wconf 89' lang='lat' dir='ltr'>eo</span> <span class='ocrx_word' id='word_1_132' title='bbox 1867 1705 1984 1763; x_wconf 85' lang='lat' dir='ltr'>dici</span> 
     </span>
     <span class='ocr_line' id='line_1_22' title="bbox 292 1784 1982 1863; baseline 0 -19"><span class='ocrx_word' id='word_1_133' title='bbox 292 1787 478 1845; x_wconf 85' lang='lat' dir='ltr'>multa</span> <span class='ocrx_word' id='word_1_134' title='bbox 503 1806 710 1857; x_wconf 86' lang='lat' dir='ltr'>severe,</span> <span class='ocrx_word' id='word_1_135' title='bbox 730 1784 914 1843; x_wconf 86' lang='lat' dir='ltr'>multa</span> <span class='ocrx_word' id='word_1_136' title='bbox 929 1785 1231 1863; x_wconf 81' lang='lat' dir='ltr'>praeclare.</span> <span class='ocrx_word' id='word_1_137' title='bbox 1306 1785 1526 1863; x_wconf 85' lang='lat' dir='ltr'>Itaque,</span> <span class='ocrx_word' id='word_1_138' title='bbox 1551 1793 1617 1843; x_wconf 83' lang='lat' dir='ltr'>ut</span> <span class='ocrx_word' id='word_1_139' title='bbox 1646 1805 1813 1863; x_wconf 89' lang='lat' dir='ltr'>saepe</span> <span class='ocrx_word' id='word_1_140' title='bbox 1842 1786 1982 1859; x_wconf 85' lang='lat' dir='ltr'>dixi,</span> 
     </span>
     <span class='ocr_line' id='line_1_23' title="bbox 294 1866 1986 1944; baseline 0.001 -19"><span class='ocrx_word' id='word_1_141' title='bbox 294 1868 366 1925; x_wconf 91' lang='lat' dir='ltr'>de</span> <span class='ocrx_word' id='word_1_142' title='bbox 400 1868 662 1925; x_wconf 85' lang='lat' dir='ltr'>acumine</span> <span class='ocrx_word' id='word_1_143' title='bbox 707 1866 898 1943; x_wconf 88' lang='lat' dir='ltr'>agitur</span> <span class='ocrx_word' id='word_1_144' title='bbox 940 1866 1077 1936; x_wconf 87' lang='lat' dir='ltr'>eius,</span> <span class='ocrx_word' id='word_1_145' title='bbox 1110 1885 1229 1923; x_wconf 89' lang='lat' dir='ltr'>non</span> <span class='ocrx_word' id='word_1_146' title='bbox 1271 1866 1345 1923; x_wconf 89' lang='lat' dir='ltr'>de</span> <span class='ocrx_word' id='word_1_147' title='bbox 1386 1866 1675 1923; x_wconf 85' lang='lat' dir='ltr'>moribus:</span> <span class='ocrx_word' id='word_1_148' title='bbox 1722 1869 1986 1944; x_wconf 85' lang='lat' dir='ltr'>quamvis</span> 
     </span>
     <span class='ocr_line' id='line_1_24' title="bbox 294 1946 1985 2025; baseline 0 -20"><span class='ocrx_word' id='word_1_149' title='bbox 294 1955 524 2025; x_wconf 85' lang='lat' dir='ltr'>spernat</span> <span class='ocrx_word' id='word_1_150' title='bbox 557 1947 883 2024; x_wconf 83' lang='lat' dir='ltr'>voluptates</span> <span class='ocrx_word' id='word_1_151' title='bbox 925 1966 1035 2016; x_wconf 88' lang='lat' dir='ltr'>eas,</span> <span class='ocrx_word' id='word_1_152' title='bbox 1071 1965 1212 2023; x_wconf 86' lang='lat' dir='ltr'>quas</span> <span class='ocrx_word' id='word_1_153' title='bbox 1244 1947 1421 2004; x_wconf 91' lang='lat' dir='ltr'>modo</span> <span class='ocrx_word' id='word_1_154' title='bbox 1455 1946 1725 2016; x_wconf 86' lang='lat' dir='ltr'>laudavit,</span> <span class='ocrx_word' id='word_1_155' title='bbox 1759 1968 1867 2025; x_wconf 83' lang='lat' dir='ltr'>ego</span> <span class='ocrx_word' id='word_1_156' title='bbox 1902 1955 1985 2007; x_wconf 89' lang='lat' dir='ltr'>ta-</span> 
     </span>
     <span class='ocr_line' id='line_1_25' title="bbox 293 2026 1979 2103; baseline 0.001 -19"><span class='ocrx_word' id='word_1_157' title='bbox 293 2048 426 2085; x_wconf 89' lang='lat' dir='ltr'>men</span> <span class='ocrx_word' id='word_1_158' title='bbox 467 2028 786 2085; x_wconf 87' lang='lat' dir='ltr'>meminero</span> <span class='ocrx_word' id='word_1_159' title='bbox 827 2026 985 2103; x_wconf 89' lang='lat' dir='ltr'>quod</span> <span class='ocrx_word' id='word_1_160' title='bbox 1017 2026 1279 2083; x_wconf 85' lang='lat' dir='ltr'>videatur</span> <span class='ocrx_word' id='word_1_161' title='bbox 1320 2028 1373 2084; x_wconf 93' lang='lat' dir='ltr'>ei</span> <span class='ocrx_word' id='word_1_162' title='bbox 1407 2036 1713 2084; x_wconf 85' lang='lat' dir='ltr'>summum·</span> <span class='ocrx_word' id='word_1_163' title='bbox 1742 2028 1979 2086; x_wconf 90' lang='lat' dir='ltr'>bonum.</span> 
     </span>
     <span class='ocr_line' id='line_1_26' title="bbox 293 2106 1985 2185; baseline 0 -20"><span class='ocrx_word' id='word_1_164' title='bbox 293 2108 427 2165; x_wconf 91' lang='lat' dir='ltr'>Non</span> <span class='ocrx_word' id='word_1_165' title='bbox 471 2109 625 2165; x_wconf 86' lang='lat' dir='ltr'>enim</span> <span class='ocrx_word' id='word_1_166' title='bbox 659 2106 833 2165; x_wconf 86' lang='lat' dir='ltr'>verbo</span> <span class='ocrx_word' id='word_1_167' title='bbox 875 2106 1063 2164; x_wconf 89' lang='lat' dir='ltr'>solum</span> <span class='ocrx_word' id='word_1_168' title='bbox 1105 2108 1301 2183; x_wconf 88' lang='lat' dir='ltr'>posuit</span> <span class='ocrx_word' id='word_1_169' title='bbox 1335 2107 1709 2185; x_wconf 89' lang='lat' dir='ltr'>voluptatem,</span> <span class='ocrx_word' id='word_1_170' title='bbox 1748 2108 1851 2165; x_wconf 88' lang='lat' dir='ltr'>sed</span> <span class='ocrx_word' id='word_1_171' title='bbox 1893 2128 1985 2165; x_wconf 86' lang='lat' dir='ltr'>ex·</span> 
     </span>
     <span class='ocr_line' id='line_1_27' title="bbox 291 2186 1983 2265; baseline 0 -20"><span class='ocrx_word' id='word_1_172' title='bbox 291 2188 548 2265; x_wconf 87' lang='lat' dir='ltr'>planavit</span> <span class='ocrx_word' id='word_1_173' title='bbox 582 2188 724 2265; x_wconf 89' lang='lat' dir='ltr'>quid</span> <span class='ocrx_word' id='word_1_174' title='bbox 758 2188 988 2245; x_wconf 87' lang='lat' dir='ltr'>diceret.</span> <span class='ocrx_word' id='word_1_175' title='bbox 1078 2190 1110 2214; x_wconf 93' lang='grc'>“</span> <span class='ocrx_word' id='word_1_176' title='bbox 1132 2186 1411 2263; x_wconf 84' lang='lat' dir='ltr'>Saporem</span> <span class='ocrx_word' id='word_1_177' title='bbox 1430 2186 1463 2214; x_wconf 87' lang='lat'>&#39;’</span> <span class='ocrx_word' id='word_1_178' title='bbox 1499 2188 1691 2264; x_wconf 86' lang='lat' dir='ltr'>inquit</span> <span class='ocrx_word' id='word_1_179' title='bbox 1723 2189 1757 2215; x_wconf 77' lang='lat'>‘⁴</span> <span class='ocrx_word' id='word_1_180' title='bbox 1776 2196 1835 2245; x_wconf 88' lang='lat' dir='ltr'>et</span> <span class='ocrx_word' id='word_1_181' title='bbox 1862 2208 1983 2246; x_wconf 86' lang='lat' dir='ltr'>cor-</span> 
     </span>
     <span class='ocr_line' id='line_1_28' title="bbox 293 2267 1983 2345; baseline 0 -20"><span class='ocrx_word' id='word_1_182' title='bbox 293 2288 496 2345; x_wconf 86' lang='lat' dir='ltr'>porum</span> <span class='ocrx_word' id='word_1_183' title='bbox 531 2267 898 2345; x_wconf 88' lang='lat' dir='ltr'>complexum</span> <span class='ocrx_word' id='word_1_184' title='bbox 927 2273 986 2324; x_wconf 86' lang='lat' dir='ltr'>et</span> <span class='ocrx_word' id='word_1_185' title='bbox 1017 2267 1187 2324; x_wconf 88' lang='lat' dir='ltr'>ludos</span> <span class='ocrx_word' id='word_1_186' title='bbox 1228 2274 1400 2345; x_wconf 87' lang='lat' dir='ltr'>atque</span> <span class='ocrx_word' id='word_1_187' title='bbox 1436 2275 1636 2335; x_wconf 86' lang='lat' dir='ltr'>cantus</span> <span class='ocrx_word' id='word_1_188' title='bbox 1671 2275 1729 2324; x_wconf 89' lang='lat' dir='ltr'>et</span> <span class='ocrx_word' id='word_1_189' title='bbox 1762 2268 1983 2325; x_wconf 76' lang='lat' dir='ltr'>formas</span> 
     </span>
     <span class='ocr_line' id='line_1_29' title="bbox 292 2346 1977 2425; baseline 0 -20"><span class='ocrx_word' id='word_1_190' title='bbox 292 2369 401 2419; x_wconf 62' lang='lat' dir='ltr'>effi,</span> <span class='ocrx_word' id='word_1_191' title='bbox 429 2348 638 2425; x_wconf 90' lang='lat' dir='ltr'>quibus</span> <span class='ocrx_word' id='word_1_192' title='bbox 668 2348 817 2405; x_wconf 87' lang='lat' dir='ltr'>oculi</span> <span class='ocrx_word' id='word_1_193' title='bbox 855 2347 1102 2404; x_wconf 89' lang='lat' dir='ltr'>iucunde</span> <span class='ocrx_word' id='word_1_194' title='bbox 1134 2346 1530 2405; x_wconf 82' lang='lat' dir='ltr'>moveantur.&#39;’</span> <span class='ocrx_word' id='word_1_195' title='bbox 1614 2347 1771 2403; x_wconf 89' lang='lat' dir='ltr'>Num</span> <span class='ocrx_word' id='word_1_196' title='bbox 1801 2348 1977 2425; x_wconf 87' lang='lat' dir='ltr'>fing0‚</span> 
     </span>
     <span class='ocr_line' id='line_1_30' title="bbox 290 2426 1978 2505; baseline 0 -20"><span class='ocrx_word' id='word_1_197' title='bbox 290 2448 430 2487; x_wconf 87' lang='lat' dir='ltr'>num</span> <span class='ocrx_word' id='word_1_198' title='bbox 461 2429 747 2486; x_wconf 61' lang='lat' dir='ltr'>mentior?</span> <span class='ocrx_word' id='word_1_199' title='bbox 807 2427 996 2505; x_wconf 86' lang='lat' dir='ltr'>Cupio</span> <span class='ocrx_word' id='word_1_200' title='bbox 1019 2427 1219 2485; x_wconf 88' lang='lat' dir='ltr'>refelli.</span> <span class='ocrx_word' id='word_1_201' title='bbox 1286 2427 1442 2497; x_wconf 82' lang='lat' dir='ltr'>Quid</span> <span class='ocrx_word' id='word_1_202' title='bbox 1464 2426 1618 2485; x_wconf 87' lang='lat' dir='ltr'>enim</span> <span class='ocrx_word' id='word_1_203' title='bbox 1650 2426 1845 2485; x_wconf 90' lang='lat' dir='ltr'>laboro</span> <span class='ocrx_word' id='word_1_204' title='bbox 1869 2430 1978 2485; x_wconf 91' lang='lat' dir='ltr'>nisi</span> 
     </span>
     <span class='ocr_line' id='line_1_31' title="bbox 291 2508 1982 2585; baseline 0.001 -19"><span class='ocrx_word' id='word_1_205' title='bbox 291 2517 358 2566; x_wconf 87' lang='lat' dir='ltr'>ut</span> <span class='ocrx_word' id='word_1_206' title='bbox 389 2509 600 2567; x_wconf 86' lang='lat' dir='ltr'>veritas</span> <span class='ocrx_word' id='word_1_207' title='bbox 648 2510 708 2565; x_wconf 93' lang='lat' dir='ltr'>in</span> <span class='ocrx_word' id='word_1_208' title='bbox 756 2509 917 2564; x_wconf 89' lang='lat' dir='ltr'>omni</span> <span class='ocrx_word' id='word_1_209' title='bbox 951 2508 1287 2585; x_wconf 84' lang='lat' dir='ltr'>quaestione</span> <span class='ocrx_word' id='word_1_210' title='bbox 1331 2508 1682 2585; x_wconf 62' lang='lat' dir='ltr'>eXpliceturZ</span> <span class='ocrx_word' id='word_1_211' title='bbox 1765 2508 1857 2567; x_wconf 86' lang='lat'>47.</span> <span class='ocrx_word' id='word_1_212' title='bbox 1897 2510 1982 2567; x_wconf 89' lang='lat' dir='ltr'>At</span> 
     </span>
     <span class='ocr_line' id='line_1_32' title="bbox 291 2588 1981 2665; baseline 0.001 -19"><span class='ocrx_word' id='word_1_213' title='bbox 291 2589 446 2647; x_wconf 91' lang='lat' dir='ltr'>idem</span> <span class='ocrx_word' id='word_1_214' title='bbox 487 2590 570 2646; x_wconf 85' lang='lat' dir='ltr'>ait</span> <span class='ocrx_word' id='word_1_215' title='bbox 613 2608 732 2646; x_wconf 90' lang='lat' dir='ltr'>non</span> <span class='ocrx_word' id='word_1_216' title='bbox 777 2607 1026 2646; x_wconf 84' lang='lat' dir='ltr'>crescere</span> <span class='ocrx_word' id='word_1_217' title='bbox 1065 2589 1423 2665; x_wconf 84' lang='lat' dir='ltr'>voluptatem</span> <span class='ocrx_word' id='word_1_218' title='bbox 1473 2588 1671 2646; x_wconf 90' lang='lat' dir='ltr'>dolore</span> <span class='ocrx_word' id='word_1_219' title='bbox 1720 2589 1981 2648; x_wconf 81' lang='lat' dir='ltr'>detracto</span> 
     </span>
     <span class='ocr_line' id='line_1_33' title="bbox 289 2667 1981 2746; baseline 0.001 -21"><span class='ocrx_word' id='word_1_220' title='bbox 289 2688 690 2746; x_wconf 85' lang='lat' dir='ltr'>summamque</span> <span class='ocrx_word' id='word_1_221' title='bbox 717 2667 1074 2745; x_wconf 87' lang='lat' dir='ltr'>voluptatem</span> <span class='ocrx_word' id='word_1_222' title='bbox 1104 2668 1250 2726; x_wconf 89' lang='lat' dir='ltr'>nihil</span> <span class='ocrx_word' id='word_1_223' title='bbox 1280 2668 1487 2725; x_wconf 87' lang='lat' dir='ltr'>dolere.</span> <span class='ocrx_word' id='word_1_224' title='bbox 1561 2668 1770 2727; x_wconf 88' lang='lat' dir='ltr'>Paucis</span> <span class='ocrx_word' id='word_1_225' title='bbox 1792 2670 1981 2727; x_wconf 85' lang='lat' dir='ltr'>verbis</span> 
     </span>
     <span class='ocr_line' id='line_1_34' title="bbox 287 2748 1980 2827; baseline 0.001 -21"><span class='ocrx_word' id='word_1_226' title='bbox 287 2750 400 2807; x_wconf 86' lang='lat' dir='ltr'>tria</span> <span class='ocrx_word' id='word_1_227' title='bbox 430 2768 642 2827; x_wconf 89' lang='lat' dir='ltr'>magna</span> <span class='ocrx_word' id='word_1_228' title='bbox 673 2756 923 2826; x_wconf 86' lang='lat' dir='ltr'>peccata.</span> <span class='ocrx_word' id='word_1_229' title='bbox 1009 2748 1230 2819; x_wconf 86' lang='lat' dir='ltr'>Unum,</span> <span class='ocrx_word' id='word_1_230' title='bbox 1264 2749 1421 2825; x_wconf 87' lang='lat' dir='ltr'>quod</span> <span class='ocrx_word' id='word_1_231' title='bbox 1454 2768 1647 2807; x_wconf 85' lang='lat' dir='ltr'>secum</span> <span class='ocrx_word' id='word_1_232' title='bbox 1681 2751 1804 2827; x_wconf 87' lang='lat' dir='ltr'>ipse</span> <span class='ocrx_word' id='word_1_233' title='bbox 1838 2770 1980 2827; x_wconf 87' lang='lat' dir='ltr'>pug-</span> 
     </span>
     <span class='ocr_line' id='line_1_35' title="bbox 287 2828 1977 2907; baseline 0.001 -22"><span class='ocrx_word' id='word_1_234' title='bbox 287 2837 404 2887; x_wconf 87' lang='lat' dir='ltr'>nat.</span> <span class='ocrx_word' id='word_1_235' title='bbox 492 2829 671 2886; x_wconf 89' lang='lat' dir='ltr'>Modo</span> <span class='ocrx_word' id='word_1_236' title='bbox 700 2830 854 2887; x_wconf 90' lang='lat' dir='ltr'>enim</span> <span class='ocrx_word' id='word_1_237' title='bbox 884 2848 958 2885; x_wconf 90' lang='lat' dir='ltr'>ne</span> <span class='ocrx_word' id='word_1_238' title='bbox 987 2830 1261 2905; x_wconf 88' lang='lat' dir='ltr'>suspicari</span> <span class='ocrx_word' id='word_1_239' title='bbox 1297 2828 1530 2905; x_wconf 90' lang='lat' dir='ltr'>quidem</span> <span class='ocrx_word' id='word_1_240' title='bbox 1573 2848 1633 2886; x_wconf 90' lang='lat' dir='ltr'>se</span> <span class='ocrx_word' id='word_1_241' title='bbox 1664 2830 1977 2907; x_wconf 88' lang='lat' dir='ltr'>quidquam</span> 
     </span>
     <span class='ocr_line' id='line_1_36' title="bbox 286 2908 1977 2986; baseline 0 -19"><span class='ocrx_word' id='word_1_242' title='bbox 286 2910 523 2980; x_wconf 86' lang='lat' dir='ltr'>bonum,</span> <span class='ocrx_word' id='word_1_243' title='bbox 567 2910 681 2967; x_wconf 89' lang='lat' dir='ltr'>nisi</span> <span class='ocrx_word' id='word_1_244' title='bbox 742 2928 940 2966; x_wconf 88' lang='lat' dir='ltr'>sensus</span> <span class='ocrx_word' id='word_1_245' title='bbox 999 2909 1162 2986; x_wconf 87' lang='lat' dir='ltr'>quasi</span> <span class='ocrx_word' id='word_1_246' title='bbox 1222 2908 1594 2966; x_wconf 86' lang='lat' dir='ltr'>titillarentur</span> <span class='ocrx_word' id='word_1_247' title='bbox 1648 2910 1977 2986; x_wconf 87' lang='lat' dir='ltr'>voluptate:</span> 
     </span>
     <span class='ocr_line' id='line_1_37' title="bbox 286 2988 1979 3065; baseline -0.001 -18"><span class='ocrx_word' id='word_1_248' title='bbox 286 3009 440 3047; x_wconf 90' lang='lat' dir='ltr'>nunc</span> <span class='ocrx_word' id='word_1_249' title='bbox 496 2997 691 3047; x_wconf 87' lang='lat' dir='ltr'>autem</span> <span class='ocrx_word' id='word_1_250' title='bbox 751 3008 1036 3046; x_wconf 88' lang='lat' dir='ltr'>summam</span> <span class='ocrx_word' id='word_1_251' title='bbox 1080 2988 1438 3065; x_wconf 80' lang='lat' dir='ltr'>voluptatem</span> <span class='ocrx_word' id='word_1_252' title='bbox 1490 3008 1611 3045; x_wconf 90' lang='lat' dir='ltr'>esse</span> <span class='ocrx_word' id='word_1_253' title='bbox 1632 2989 1850 3045; x_wconf 74' lang='lat' dir='ltr'>‚dolore</span> <span class='ocrx_word' id='word_1_254' title='bbox 1892 3009 1979 3045; x_wconf 84' lang='lat' dir='ltr'>ca-</span> 
     </span>
     <span class='ocr_line' id='line_1_38' title="bbox 285 3068 1978 3145; baseline -0.002 -19"><span class='ocrx_word' id='word_1_255' title='bbox 285 3089 424 3127; x_wconf 87' lang='lat' dir='ltr'>rere.</span> <span class='ocrx_word' id='word_1_256' title='bbox 511 3070 792 3128; x_wconf 87' lang='lat' dir='ltr'>Potestne</span> <span class='ocrx_word' id='word_1_257' title='bbox 844 3069 1031 3144; x_wconf 87' lang='lat' dir='ltr'>magis</span> <span class='ocrx_word' id='word_1_258' title='bbox 1090 3088 1280 3125; x_wconf 87' lang='lat' dir='ltr'>secum</span> <span class='ocrx_word' id='word_1_259' title='bbox 1337 3069 1460 3145; x_wconf 84' lang='lat' dir='ltr'>ipse</span> <span class='ocrx_word' id='word_1_260' title='bbox 1510 3069 1803 3145; x_wconf 67' lang='lat' dir='ltr'>pugnare?</span> <span class='ocrx_word' id='word_1_261' title='bbox 1878 3068 1978 3123; x_wconf 91' lang='lat' dir='ltr'>Al-</span> 
     </span>
     <span class='ocr_line' id='line_1_39' title="bbox 284 3146 1974 3227; baseline -0.003 -21"><span class='ocrx_word' id='word_1_262' title='bbox 284 3156 474 3207; x_wconf 89' lang='lat' dir='ltr'>terum</span> <span class='ocrx_word' id='word_1_263' title='bbox 538 3156 857 3227; x_wconf 86' lang='lat' dir='ltr'>peccatum,</span> <span class='ocrx_word' id='word_1_264' title='bbox 897 3148 1069 3225; x_wconf 89' lang='lat' dir='ltr'>quod,</span> <span class='ocrx_word' id='word_1_265' title='bbox 1107 3167 1236 3204; x_wconf 90' lang='lat' dir='ltr'>cum</span> <span class='ocrx_word' id='word_1_266' title='bbox 1297 3148 1353 3204; x_wconf 91' lang='lat' dir='ltr'>in</span> <span class='ocrx_word' id='word_1_267' title='bbox 1414 3156 1619 3203; x_wconf 84' lang='lat' dir='ltr'>natura</span> <span class='ocrx_word' id='word_1_268' title='bbox 1675 3148 1785 3202; x_wconf 86' lang='lat' dir='ltr'>tria</span> <span class='ocrx_word' id='word_1_269' title='bbox 1842 3146 1974 3215; x_wconf 84' lang='lat' dir='ltr'>sint,</span> 
     </span>
     <span class='ocr_line' id='line_1_40' title="bbox 287 3224 1976 3305; baseline -0.004 -18"><span class='ocrx_word' id='word_1_270' title='bbox 287 3250 466 3287; x_wconf 90' lang='lat' dir='ltr'>unum</span> <span class='ocrx_word' id='word_1_271' title='bbox 504 3230 771 3305; x_wconf 85' lang='lat' dir='ltr'>gaudere,</span> <span class='ocrx_word' id='word_1_272' title='bbox 803 3228 1046 3285; x_wconf 85' lang='lat' dir='ltr'>alterum</span> <span class='ocrx_word' id='word_1_273' title='bbox 1081 3227 1289 3295; x_wconf 86' lang='lat' dir='ltr'>dolere,</span> <span class='ocrx_word' id='word_1_274' title='bbox 1320 3228 1556 3283; x_wconf 86' lang='lat' dir='ltr'>tertium</span> <span class='ocrx_word' id='word_1_275' title='bbox 1591 3245 1694 3282; x_wconf 88' lang='lat' dir='ltr'>nec</span> <span class='ocrx_word' id='word_1_276' title='bbox 1728 3224 1976 3301; x_wconf 83' lang='lat' dir='ltr'>gaudere</span> 
     </span>
    </p>
   </div>
  </div>
 </body>
</html>
