2235 3581
730 161 873 209 ΜΒ.
913 161 980 221 1.,
1014 159 1173 209 (ΒΑΓ.
1206 159 1613 209 xum-XLV.
1956 161 2020 206 45

333 263 578 322 —Haec
621 281 754 320 cum
796 262 1006 339 pressis
1051 268 1110 319 et
1154 261 1443 320 flebilibus
1490 261 1699 332 modis,
1738 260 1836 338 qui
1881 261 2023 318 totis

313 341 574 410 ‘theatris
594 342 943 400 maestitiam
971 342 1241 413 inferant,
1263 342 1661 412 concinuntur,
1683 339 1914 400 difficile
1936 348 2022 398 est

334 441 453 480 non
482 441 596 495 θοε,
623 423 723 500 qui
751 422 1037 480 inhumati
1067 423 1199 493 sint,
1224 422 1463 480 miseros
1491 421 1824 480 iudicare—

1298 533 1432 596 prius
1456 547 1608 597 quam
1629 532 1764 582 ferae

530 599 872 662 Volucresque
905 633 918 646 .
953 637 965 648 .
1008 637 1020 648 .

332 702 626 759 ——metuit
665 720 737 757 ne
782 700 1041 757 laceratis
1085 699 1361 758 membris
1394 700 1588 757 minus
1624 699 1773 757 benc
1812 706 2022 770 utatur,

334 801 408 839 ne
436 781 752 839 combustis
782 799 896 838 non
928 780 1330 838 extimescit—

523 893 635 941 Neu
660 892 910 955 relliquias
933 891 1004 940 sic
1025 906 1164 940 meas
1186 891 1329 940 sieris
1354 890 1619 939 denudatis
1640 890 1833 939 ossibus

523 958 626 1007 Per
650 969 836 1007 terram
859 957 996 1005 sanie
1019 957 1265 1005 delibutas
1289 956 1435 1005 foede
1457 955 1757 1005 divexarier.

341 1058 471 1116 107.
518 1058 654 1115 Non
703 1058 977 1134 intellego
1030 1057 1172 1134 quid
1218 1065 1457 1129 metuat,
1494 1076 1627 1114 cum
1671 1063 1789 1114 tam
1840 1056 2025 1113 bonos

335 1139 688 1215 septenarios
715 1138 926 1196 fundat
955 1137 1029 1196 ad
1055 1137 1704 1196 tibiam—Tenendum
1734 1143 1821 1194 est
1848 1137 2025 1213 igitur

337 1219 485 1276 nihil
518 1219 835 1276 curandum
865 1237 986 1276 esse
1014 1225 1151 1295 post
1177 1225 1443 1288 mortem,
1469 1236 1602 1275 cum
1634 1217 1805 1274 multi
1838 1217 2025 1274 inimi-

335 1318 436 1356 cos
463 1299 636 1356 etiam
665 1306 928 1357 mortuos
956 1299 1323 1375 poeniuntur.
1409 1298 1749 1355 Exsecratur
1776 1297 2026 1354 luculen-

336 1379 414 1436 tis
461 1399 596 1436 sane
630 1379 886 1436 versibus
930 1378 1086 1455 apud
1135 1378 1390 1436 Ennium
1434 1377 2025 1454 Thyestes‚.primum

337 1465 406 1516 ut
437 1459 740 1536 naufragio
779 1465 975 1536 pereat
1002 1457 1251 1518 Atreus:
1295 1458 1504 1515 durum
1538 1457 1649 1514 hoc
1684 1475 1851 1514 sane:
1894 1456 2027 1513 talis

337 1539 493 1596 enim
528 1539 794 1597 interitus
823 1558 941 1596 non
970 1546 1058 1597 est
1087 1539 1211 1596 sine
1238 1539 1400 1614 gravi
1428 1555 1629 1595 sensu:
1674 1537 1773 1594 illa
1798 1537 2023 1594 inania:

371 1653 488 1715 Ipse
508 1652 716 1701 summis
741 1651 877 1700 saxis
900 1639 1032 1700 fix‘us
1056 1650 1258 1714 asperis„
1282 1651 1595 1710 evisceratuS,

371 1718 552 1767 Latere
572 1717 809 1780 pendam,
829 1732 956 1765 saxa
977 1731 1214 1780 spargens
1239 1716 1371 1776 tabe,
1395 1715 1533 1764 sanie
1554 1722 1605 1763 et
1628 1713 1869 1776 sanguine
1891 1722 2017 1763 atre.

341 1822 475 1879 Non
504 1816 630 1899 ipsa
657 1842 791 1880 saxa
819 1823 1002 1899 magis
1032 1841 1201 1879 sensu
1232 1822 1392 1879 omni
1422 1820 1901 1898 vacabantquam
1931 1819 2027 1877 ille

335 1899 377 1930 '“
397 1902 572 1961 latere
599 1902 910 1981 pendens‚”
936 1903 1029 1960 cui
1059 1922 1117 1959 se
1138 1902 1235 1959 hic
1257 1902 1571 1959 cruciatum
1594 1908 1788 1959 censet
1809 1907 2023 1978 optare.

339 1982 529 2052 Quam
557 1990 746 2041 essent
775 1984 1012 2055 dura,·si
1047 1983 1300 2053 sentiret,
1331 1981 1488 2040 nulla
1520 1982 1642 2039 sine
1670 1982 1872 2039 sensu!
1957 1979 2027 2037 11-

340 2063 442 2121 lud
465 2083 597 2121 vero
627 2082 903 2141 perquam
931 2063 1136 2120 inane:

405 2175 582 2238 Neque
604 2174 882 2237 sepulcrum
907 2190 1006 2237 qno
1031 2173 1237 2237 recipiat
1261 2172 1443 2221 habeat
1464 2180 1665 2235 portum
1687 2172 1923 2234 corporiS,

331 2237 338 2247 ⁴
365 2244 372 2250 “
407 2240 508 2289 Ubi
533 2241 740 2287 remissa
761 2240 980 2287 humana
1002 2240 1106 2287 vita
1126 2254 1305 2301 eorpus
1330 2239 1609 2301 requieseat
1632 2238 1792 2287 malis.

342 2341 525 2399 Vides
555 2347 772 2418 quanto
800 2341 939 2398 haec
968 2341 1028 2398 in
1058 2359 1245 2398 errore
1273 2346 1599 2396 versentur:
1643 2345 1875 2414 portum
1908 2356 2027 2395 esse

343 2421 599 2498 corporis
631 2429 691 2479 et
723 2422 1072 2498 requiescere
1107 2421 1171 2479 in
1203 2419 1463 2497 sepulcro
1497 2424 1665 2495 putat
1696 2424 2025 2476 mortuum:

341 2520 554 2578 magna
597 2501 766 2578 culpa
809 2500 1060 2577 Pelopis,
1093 2501 1193 2575 qui
1236 2518 1355 2556 non
1400 2498 1672 2557 erudierit
1704 2497 1887 2554 filium
1921 2516 2027 2555 nec

343 2581 605 2639 docuerit
635 2588 915 2659 quatenus
943 2590 1092 2638 esset
1122 2580 1375 2657 quidque
1403 2578 1736 2636 curandum.

425 2660 606 2720 XLV.
697 2666 828 2719 108.
874 2660 989 2718 Sed
1017 2660 1160 2737 quid
1189 2659 1547 2737 singulorum
1583 2659 1885 2736 opiniones
1912 2657 2025 2714 ani·

345 2741 716 2813 madvertam‚
748 2742 1049 2799 nationum
1081 2739 1267 2797 varios
1300 2759 1515 2797 errores
1549 2739 1866 2817 perspicere
1896 2756 2027 2795 cum

342 2821 546 2879 liceat?
621 2820 919 2879 Condiunt
951 2820 1235 2898 Aegyptii
1282 2827 1543 2877 mortuos
1576 2827 1633 2877 et
1666 2839 1765 2877 eos
1804 2823 2029 2875 servant

343 2901 522 2973 domi,
568 2902 774 2959 Persae
830 2902 1000 2959 etiam
1060 2920 1189 2958 cera
1243 2900 1593 2957 circumlitos
1632 2899 1915 2969 condunt,
1963 2902 2030 2954 ut

345 3000 520 3058 quam
563 2983 813 3039 maxime
857 2986 1231 3058 permaneant
1268 2980 1540 3037 diuturna
1572 2998 1825 3057 corpora.
1912 2976 2029 3034 Ma-

341 3078 550 3138 gorum
583 3082 712 3119 mos
747 3069 832 3119 est
865 3081 984 3118 non
1019 3061 1255 3118 humare
1288 3079 1529 3137 corpora
1562 3078 1813 3128 suorum,
1849 3056 1961 3113 nisi
1995 3075 2031 3111 a

340 3142 482 3199 feris
511 3143 627 3200 sint
660 3149 792 3199 ante
827 3142 1052 3199 laniata.
1141 3142 1209 3197 In
1243 3141 1538 3217 Hyrcania
1570 3138 1733 3215 plebs
1765 3135 2029 3214 publicos

341 3222 446 3280 alit
491 3242 675 3293 cauce,
707 3223 1017 3300 optimates
1056 3221 1437 3278 domesticos:
1482 3218 1674 3277 nobile
1709 3224 1900 3275 autem
1934 3235 2029 3290 ge-

1173 3306 1200 3347 5
