2235 3581
281 155 376 202 114
506 153 1099 204 TUSCULANARUM
1142 153 1305 204 DISP
1312 153 1740 212 UTATIONUM

277 253 482 318 quidem
503 253 768 314 utiliorem,
791 253 878 302 sed
895 267 1007 303 raro
1023 253 1265 316 proficere
1284 269 1447 318 neque
1470 269 1581 303 esse
1596 255 1661 304 ad
1678 255 1857 317 vulgus
1876 257 1977 305 ad-

277 320 562 368 hibendam.
635 320 762 368 Esse
790 318 940 367 etiam
970 320 1054 366 ubi
1082 319 1307 368 adhiberi
1334 320 1481 382 plane
1506 335 1604 368 non
1634 323 1805 384 possit,
1831 323 1974 385 quod

278 402 371 446 res,
400 401 526 448 quae
561 385 815 447 perturbet
848 386 1087 444 animum,
1117 401 1233 433 vero
1268 386 1333 432 sit
1364 387 1498 434 bona
1530 396 1619 434 aut
1652 388 1799 448 mala,
1831 399 1974 436 tam-

277 467 428 514 quam
452 452 492 498 si
518 452 627 514 quis
650 465 798 510 aegre
820 451 946 498 ferat
970 451 1094 498 nihil
1117 451 1168 498 in
1194 466 1246 498 se
1270 467 1377 499 esse
1403 452 1619 512 virtutis,
1640 453 1762 500 nihil
1785 455 1969 513 animi,

277 517 400 564 nihil
423 517 588 577 officii,
607 516 734 564 nihil
758 517 1043 574 honestatiS,
1069 531 1176 578 cap.
1200 519 1281 576 27,
1303 519 1381 565 28.
1454 517 1673 580 Reliqua
1694 518 1975 581 disputatio

275 598 376 646 quo
398 583 548 631 modo
563 591 797 645 quattuor
810 582 907 630 ista
923 597 1107 642 genera
1124 581 1346 631 tollenda
1360 582 1460 631 sint
1474 582 1633 642 docet,
1654 599 1761 647 cap.
1780 587 1965 634 29-238.

358 740 401 798 1.
491 746 542 797 1.
580 738 732 796 Cum
763 739 964 796 multis
995 739 1139 796 locis
1180 748 1507 797 nostrorum
1530 741 1847 798 'hominum
1884 743 1974 800 in-

275 821 448 897 genia
479 821 850 897 virtutesque,
881 819 1078 884 Brut-e,
1113 820 1270 888 solco
1311 821 1521 892 mirari,
1554 829 1678 878 tum
1712 824 1973 881 maxime

277 902 337 957 in
373 901 463 957 his
497 900 720 971 studiis,
747 920 891 977 quae
926 919 1050 958 sero
1085 900 1400 956 admodum
1436 901 1691 978 expetita
1722 903 1783 959 in
1818 903 1973 960 hanc

277 981 569 1038 civitatem
599 1001 630 1038 e
658 980 898 1038 Graecia
928 980 1357 1038 transtulerunt.
1443 981 1596 1038 Nam
1630 1001 1763 1039 cum
1792 1003 1828 1040 a
1854 984 1973 1059 pri-

277 1080 374 1117 mo
404 1060 562 1118 urbis
591 1067 723 1119 ortu
751 1061 924 1138 regiis
952 1061 1251 1132 institutis,
1272 1061 1483 1138 partim
1519 1062 1693 1120 etiam
1722 1062 1968 1140 legibuS,

277 1141 548 1218 auspicia,
569 1141 963 1212 caerimoniae,
985 1141 1236 1212 comitia,
1260 1143 1713 1218 provocationeS‚
1734 1151 1970 1219 patrum

277 1221 600 1293 consilium,
632 1221 892 1298 equitum
935 1221 1315 1298 peditumque
1357 1220 1685 1299 descriptiO,
1716 1231 1845 1280 tota
1877 1244 1972 1280 res

276 1302 542 1360 militaris
584 1302 867 1359 divinitus
909 1309 1059 1358 esset
1102 1302 1434 1373 constituta,
1470 1309 1594 1359 tum
1638 1304 1970 1380 progressio

278 1382 631 1440 admirabilis
664 1382 1129 1459 incredibilisque
1171 1401 1369 1439 cursus
1412 1382 1485 1439 ad
1519 1402 1750 1439 omnem
1786 1384 1972 1441 excel-

279 1462 514 1520 lentiam
556 1464 746 1520 factus
787 1470 874 1520 est
911 1462 1213 1519 dominatu
1255 1461 1415 1539 regio
1457 1482 1517 1520 re
1558 1462 1791 1539 publica
1829 1463 1970 1522 libe-

278 1550 414 1600 rata.
488 1543 545 1600 N
549 1563 610 1600 ec
631 1562 766 1600 vero
788 1543 883 1599 hic
912 1541 1072 1599 locus
1092 1550 1181 1600 >est
1203 1550 1267 1599 ut
1290 1542 1361 1599 de
1384 1543 1641 1600 moribus
1663 1543 1971 1601 institutis-

281 1643 390 1700 que
420 1624 699 1681 maiorum
736 1629 795 1680 et
829 1622 1135 1700 disciplina
1166 1642 1230 1680 ac
1264 1623 1681 1700 temperatione
1716 1624 1969 1681 civitatis

277 1704 613 1781 loquamur:
649 1704 777 1760 aliis
798 1702 938 1760 haec
960 1702 1101 1760 locis
1124 1703 1261 1760 satis
1283 1710 1543 1772 accurate
1565 1723 1599 1760 a
1619 1703 1788 1760 nobis
1810 1704 1971 1762 dicta

279 1790 415 1842 sunt
443 1783 805 1861 maximeque
839 1783 899 1840 in
933 1783 1006 1841 iis
1039 1804 1137 1841 sex
1171 1783 1347 1855 libris,
1370 1803 1515 1861 quos
1543 1783 1617 1841 de
1644 1804 1704 1842 re
1732 1783 1970 1860 publica

278 1865 624 1941 scripsimus.
712 1871 763 1921 2.
809 1864 942 1921 Hoc
985 1871 1179 1922 autem
1221 1864 1350 1921 loco
1392 1865 1779 1922 consideranti
1818 1864 1969 1922 mihi

277 1947 470 2004 studia
509 1944 803 2002 doctrinae
844 1944 1028 2002 multa
1069 1964 1203 2002 sane
1242 1950 1562 2016 occurrunt,
1594 1965 1695 2003 cur
1728 1964 1795 2003 ea
1828 1965 1970 2023 quo-

279 2046 387 2103 que
410 2025 677 2083 arcessita
698 2024 926 2082 aliunde
949 2044 1135 2101 neque
1158 2025 1343 2082 solum
1368 2026 1636 2103 expetita,
1658 2026 1759 2083 sed
1788 2026 1968 2083 etiam

277 2113 610 2164 conservata
637 2113 695 2163 et
723 2106 879 2162 culta
905 2105 1221 2162 videantur.
1294 2104 1435 2163 Erat
1463 2106 1617 2163 enim
1646 2107 1759 2163 illis
1780 2126 1969 2183 paene

278 2188 337 2243 in
360 2192 670 2263 conspectu
701 2186 1014 2263 praestanti
1037 2186 1321 2261 sapientia
1340 2192 1400 2242 et
1420 2186 1720 2244 nobilitate
1749 2186 1970 2263 Pytha-

276 2286 460 2341 goraS,
483 2267 580 2343 qui
609 2267 726 2323 fuit
755 2268 812 2323 in
845 2265 1013 2323 Italia
1033 2265 1393 2342 temporibus
1420 2266 1644 2337 iisdem,
1666 2267 1877 2343 quibus
1901 2267 1963 2325 L.

278 2348 494 2405 Brutus
515 2348 760 2425 patriam
783 2346 1062 2417 liberavit,
1083 2345 1403 2423 praeclarus
1424 2353 1623 2404 auctor
1643 2347 1967 2405 nobilitatis

277 2434 423 2485 tuae.
493 2428 860 2505 Pythagorae
883 2433 1076 2484 autem
1100 2425 1363 2483 doctrina
1384 2446 1514 2484 cum
1544 2427 1715 2503 longe
1737 2427 1967 2505 lateque

276 2506 494 2579 flueret,
514 2507 934 2584 permanavisse
962 2507 1108 2564 mihi
1133 2507 1361 2564 videtur
1385 2508 1447 2564 in
1473 2507 1621 2564 hanc
1650 2508 1963 2579 civitatem,

276 2587 452 2664 idque
486 2606 616 2643 cum
652 2588 980 2645 coniectura
1011 2587 1310 2665 probabile
1342 2594 1430 2645 est
1462 2594 1589 2645 tum
1620 2587 1963 2664 quibusdam

276 2668 450 2723 ctiam
483 2668 740 2743 vestigiis
774 2668 1074 2726 indicatur.
1156 2668 1299 2737 Quis
1334 2668 1484 2726 enim
1524 2675 1611 2725 est
1645 2668 1745 2745 qui
1777 2674 1962 2745 putet,

276 2766 407 2803 cum
442 2746 671 2804 floreret
702 2747 762 2803 in
793 2746 961 2805 Italia
987 2748 1226 2805 Graecia
1259 2748 1675 2825 potentissimis
1702 2755 1762 2805 et
1788 2749 1967 2805 maxi-

276 2827 387 2883 mis
405 2826 658 2897 urbibuS,
675 2846 742 2884 ea
757 2847 900 2905 quae
915 2847 1129 2905 magna
1142 2829 1299 2886 dicta
1315 2836 1417 2899 est,
1435 2828 1493 2884 in
1513 2828 1697 2904 iisque
1712 2828 1966 2904 primum

276 2907 458 2983 ipsius
513 2906 896 2985 Pythagorae,
943 2908 1153 2965 deinde
1205 2914 1409 2984 postea
1461 2908 1966 2985 Pythagoreorum

275 2994 503 3044 tantum
533 3006 742 3043 nomen
776 2994 939 3057 essct,
964 2994 1295 3043 nostrorum
1329 2986 1629 3044 hominum
1662 2987 1737 3044 ad
1766 3007 1962 3044 eorum

277 3065 638 3123 doctissimas
657 3086 824 3123 voces
845 3084 1008 3121 aures
1025 3064 1243 3122 clausas
1260 3066 1437 3123 fuisse
1456 3068 1475 3123 ἓ
1511 3074 1583 3123 ’3.
1618 3066 1771 3135 Quin
1792 3068 1967 3124 etiam

276 3145 522 3202 arbitror
554 3152 790 3221 propter
829 3144 1324 3219 Pythagoreorum
1371 3145 1812 3203 admirationem
1848 3146 1971 3203 Nu-

275 3240 431 3279 mam
455 3243 683 3299 quoque
706 3242 896 3299 regem
920 3223 1353 3298 Pythagoreum
1377 3243 1411 3279 a
1437 3226 1855 3299 posterioribus
1876 3245 1969 3283 ex-
