2235 3581
795 166 934 234 ΜΒ.
974 165 1070 227 11.,
1105 165 1261 215 CAP.
1296 165 1529 216 1V.-v1.
1944 175 2009 221 57

403 267 787 336 M.,Etiamne
817 267 1001 325 maius
1031 281 1203 345 quam
1234 267 1519 326 dedecus?

400 349 472 406 A.
511 348 862 406 Non-audeo
892 348 953 405 id
987 348 1175 405 dicere
1206 348 1437 424 quidem
1469 355 1528 406 et
1554 369 1649 406 me
1675 351 1859 427 pudet
1886 359 2006 410 tam

317 430 435 488 cito
464 429 536 487 de
567 429 852 486 sententia
879 447 1000 486 esse
1030 428 1333 485 deiectum.

397 510 476 568 M.
513 509 702 584 Magis
736 515 886 566 esset
917 509 1274 585 pudendum,
1307 508 1355 564 si
1384 509 1445 564 in
1474 511 1761 568 sententia
1787 531 2007 588 perma-

315 611 492 649 nereS.
564 589 719 658 Quid
741 589 898 645 enim
919 589 1114 645 minus
1135 595 1221 645 est
1244 587 1487 680 dignum
1510 609 1681 666 quam
1711 590 1819 648 tibi
1840 594 2005 669 peius

316 671 630 748 quidquam
657 668 838 726 videri
868 669 1163 740 dedecore,
1188 668 1243 725 fl
1231 669 1428 745 agitio,
1454 669 1833 746 turpitudine,
1850 691 2003 749 quac

317 758 380 808 ut
409 751 668 828 effugiaS,
702 749 830 826 quis
863 755 952 805 est
984 769 1103 806 non
1139 750 1315 806 modo
1350 768 1467 806 non
1508 751 1870 823 recusandUS,
1902 755 2002 810 sed

311 850 430 890 non
460 832 612 888 ultro
635 829 1009 907 appetenduS,
1035 828 1385 901 subeundus»,
1406 829 1795 906 excipiendus
1806 832 2002 891 dolor?

392 912 466 970 A.
504 911 595 968 Ita
621 929 854 988 prorsus
883 909 1168 967 existimO.
1248 909 1375 978 Qua
1402 930 1463 967 re
1491 929 1563 966 ne
1592 911 1668 968 sit
1696 931 1831 970 sane
1852 932 2002 970 sum-

311 1011 473 1050 mum
501 991 718 1048 malum
747 989 928 1061 dolor,
957 989 1176 1046 malum
1204 997 1357 1048 certe
1386 981 1489 1048 est.

391 1071 469 1129 M.
503 1071 757 1130 Videsne
785 1071 965 1146 igitur
988 1076 1267 1147 quantum
1296 1070 1546 1128 breviter
1572 1070 1904 1131 admonitus
1928 1074 2001 1132 de

309 1152 526 1210 doloris
552 1159 766 1209 terrore
796 1151 1104 1208 (1616661-182

394 1239 485 1290 15.
531 1232 603 1289 A.
637 1231 828 1290 Video
857 1231 1042 1308 plane,
1068 1230 1170 1288 sed
1198 1229 1328 1308 plus
1358 1231 1637 1290 desidem.

389 1312 467 1370 M.
505 1312 780 1389 Experiar
799 1311 1085 1404 equidem,
1107 1312 1207 1369 sed
1227 1330 1437 1388 magna
1458 1331 1547 1370 res
1565 1319 1667 1384 est,
1688 1313 1997 1392 animoque

245 1439 258 1451 .
309 1393 453 1449 mihi
483 1412 630 1468 opus
659 1399 745 1449 cst
775 1383 891 1450 non
921 1399 1292 1469 repugnante.

388 1473 460 1530 A.
499 1472 760 1530 Habebis
804 1473 865 1530 id
912 1472 1163 1548 quidem.
1236 1471 1326 1530 Ut
1371 1471 1525 1528 enim
1577 1472 1701 1530 heri
1744 1473 1876 1546 feci,
1914 1475 1995 1532 sic

306 1572 460 1610 nunc
488 1554 770 1610 rationem
801 1571 916 1630 quo
945 1571 1012 1609 ea
1038 1571 1133 1608 me
1161 1570 1407 1629 cumque
1436 1551 1609 1610 ducet
1638 1572 1857 1629 sequar.

388 1633 493 1692 VI.
580 1633 656 1690 M.
695 1633 960 1690 Primum
1015 1632 1194 1708 igitur
1234 1633 1307 1688 de
1350 1630 1745 1690 imbecillitate
1786 1633 1997 1691 multo-

306 1733 431 1771 rum
475 1721 535 1771 et
568 1714 640 1770 de
676 1713 845 1770 variis
886 1712 1207 1789 disciplinis
1248 1711 1728 1789 pbilosophorum
1771 1713 1990 1792 loquar,

307 1813 552 1871 quorum
596 1794 864 1870 princeps
909 1800 968 1851 et
1017 1793 1357 1851 auctoritate
1396 1800 1455 1851 et
1491 1794 1855 1871 antiquitate,
1894 1794 1995 1853 So-

305 1875 548 1932 craticus
582 1874 934 1951 Aristippus,
965 1892 1084 1929 non
1120 1872 1408 1931 dubitavit
1442 1894 1733 1932 summum
1775 1875 1992 1933 malum

305 1954 564 2011 dolorem
593 1955 797 2011 dicere.
882 1952 1111 2011 Deinde
1146 1953 1220 2010 ad
1252 1953 1401 2011 hanc
1436 1963 1760 2013 enervatam
1794 1955 1993 2013 mulie-

307 2034 579 2111 bremque
609 2033 952 2091 sententiam
987 2033 1126 2091 satis
1160 2033 1407 2091 docilem
1437 2054 1495 2091 se
1524 2034 1806 2112 Epicurus
1835 2056 1994 2113 prae—

304 2114 447 2171 buit.
536 2114 710 2171 Hunc
751 2120 886 2190 post
918 2112 1185 2171 Rhodius
1226 2113 1620 2206 Hieronymus
1652 2135 1850 2173 vacare
1892 2118 1994 2173 do-

302 2194 422 2251 lore
457 2214 748 2263 summum
779 2193 996 2251 bonum
1025 2193 1207 2251 dixit.
1250 2200 1479 2250 tantum
1508 2195 1568 2251 in
1599 2195 1793 2253 dolore
1824 2196 1993 2253 duxit

301 2274 456 2333 mali.
523 2260 717 2331 Ceteri
752 2278 978 2350 praeter
1017 2273 1325 2344 Zenonem,
1356 2272 1709 2345 Aristonem,
1741 2275 1992 2351 Pyrrho-

301 2374 436 2411 nem
465 2354 620 2411 idem
648 2354 770 2411 fere
793 2353 950 2430 quod
977 2353 1155 2411 modo
1183 2360 1283 2410 tu:
1326 2352 1542 2409 malum
1569 2353 1715 2412 illud
1736 2355 1988 2432 quidem,

302 2434 404 2491 sed
421 2433 532 2492 alia
547 2434 758 2511 peiora.
815 2440 842 2490 1
855 2439 906 2491 6.
938 2433 1094 2511 Ergo
1113 2433 1193 2505 id,
1212 2432 1369 2510 quod
1387 2439 1589 2490 natura
1606 2434 1731 2511 ipsa
1748 2441 1807 2491 et
1826 2455 1993 2512 quae-

301 2514 436 2571 dam
464 2533 742 2591 generosa
769 2514 950 2571 virtus
984 2516 1183 2571 statim
1216 2513 1449 2590 respuit,
1481 2530 1554 2570 ne
1588 2514 1804 2573 seilicet
1833 2515 1993 2572 dolo-

300 2614 423 2651 rem
459 2614 749 2651 summum
785 2594 1004 2651 malum
1039 2594 1257 2652 diceres
1290 2593 1675 2671 oppositoque
1710 2595 1989 2653 dedecore

301 2675 589 2732 sententia
629 2673 989 2751 depellerere,
1025 2674 1088 2731 in
1130 2693 1199 2731 eo
1240 2675 1515 2749 magistra
1549 2676 1697 2733 vitae
1739 2676 1992 2752 philoso-

299 2754 438 2831 phia
458 2762 549 2813 tot
571 2755 793 2812 saecula
811 2760 1124 2831 permanet.
1198 2752 1368 2821 Quod
1392 2754 1526 2811 huic
1549 2753 1817 2827 officium,
1846 2776 1990 2833 quae
2093 2787 2102 2795 ·

299 2834 439 2905 lauS,
466 2836 622 2912 quod
651 2835 826 2891 decus
859 2834 968 2891 erit
995 2834 1145 2892 tanti
1175 2834 1331 2910 quod
1360 2834 1601 2910 adipisci
1631 2854 1761 2893 cum
1792 2836 1990 2893 dolore

299 2915 558 2991 corporis
578 2914 732 2985 velit,
760 2914 859 2991 qui
888 2913 1147 2971 dolorem
1172 2933 1462 2971 summum
1490 2914 1707 2971 malum
1737 2915 1847 2972 sibi
1870 2933 1989 2972 esse

298 2995 680 3071 persuaserit?
755 2993 942 3062 Quam
991 3013 1166 3069 porro
1210 2994 1339 3072 quis
1380 2994 1777 3070 ignominiam,
1816 3014 1988 3071 quam

299 3075 722 3151 turpitudinem
757 3093 875 3130 non
907 3073 1225 3151 pertulerit,
1259 3080 1322 3131 ut
1356 3074 1600 3150 effugiat
1632 3073 1907 3144 dolorem,
1941 3074 1991 3131 si

301 3154 361 3211 id
384 3174 673 3212 summum
697 3154 911 3211 malum
936 3172 1056 3211 6886
1079 3154 1431 3211 decreverit?
1495 3152 1638 3221 Quis
1655 3160 1848 3210 autem
1870 3172 1989 3210 non

299 3235 473 3293 miser
499 3254 615 3292 non
646 3234 823 3291 modo
851 3241 1008 3305 tunc,
1033 3253 1166 3291 cum
1194 3240 1485 3309 premetur
1508 3233 1753 3290 ‘summis
1782 3232 1989 3291 dolori-

2038 3404 2215 3519 :A
