2235 3581
219 162 316 208 130
439 159 1028 210 TUSCULANARUM
1075 161 1678 210 DISPUTATIONUM

219 261 412 320 scendi
440 261 806 320 libido—sed
827 263 1014 339 ipsum
1041 262 1183 319 illud
1212 282 1395 338 genus
1417 261 1503 320 vel
1534 260 1792 319 libidinis
1814 263 1904 320 vel

217 343 550 420 cupiditatis
583 342 655 399 ad
691 361 973 398 summam
1008 343 1317 400 utilitatem
1354 361 1474 400 esse
1507 342 1707 399 dieunt
1742 363 1777 399 a
1808 363 1907 400 na-

216 433 345 480 tura
373 423 608 480 datum:
651 421 797 478 nihil
832 423 986 479 enim
1017 442 1362 500 quemquam
1398 423 1511 478 nisi
1542 422 1700 499 quod
1727 422 1905 480 libeat

217 502 498 579 praeclare
525 503 712 559 facere
741 521 926 579 posse.
998 502 1192 559 Noetu
1220 502 1551 560 ambulabat
1578 503 1638 559 in
1668 502 1906 579 publico

203 582 648 653 Themistocles,
671 582 826 658 quod
849 601 1116 639 somnum
1140 602 1341 659 capere
1362 602 1479 640 non
1502 590 1714 660 posset,
1738 602 1905 659 quae

218 662 585 739 rentibusque
613 662 997 739 respondebat
1019 662 1301 720 Miltiadis
1326 663 1577 740 tropaeis
1598 683 1666 719 rse
1694 683 1727 720 e
1754 682 1907 719 som-

217 762 294 799 no
339 743 614 799 suscitari.
693 741 804 800 Cui
853 762 972 799 non
1021 751 1157 800 sunt
1211 743 1443 800 auditae
1488 742 1908 800 Demosthenis

217 822 442 898 vigiliae
463 824 482 880 2
526 823 626 899 qui
647 821 840 880 dolere
869 842 928 880 se
957 823 1163 893 aiebat,
1189 824 1237 880 si
1260 822 1491 900 quando
1513 821 1785 900 opificum
1808 843 1907 880 an-

218 902 480 960 telucana
512 903 697 960 victus
738 910 886 960 esset
918 903 1215 960 industria.
1302 902 1719 980 Philosophiae
1748 903 1909 960 deni-

219 1002 328 1059 que
355 983 538 1059 ipsius
564 983 853 1058 principes
885 1003 1203 1060 numquam
1233 983 1293 1040 in
1324 984 1443 1040 suis
1476 983 1686 1040 studiis
1710 990 1908 1040 tantos

217 1081 550 1140 progressus
577 1063 698 1120 sine
716 1062 983 1139 flagranti
1011 1063 1331 1140 cupiditate
1351 1065 1539 1122 faeere
1562 1063 1903 1139 potuissent.

205 1141 472 1201 Ultimas
506 1150 687 1200 terras
710 1142 993 1203 ,lustrasse
1035 1143 1450 1220 Pythagoram,
1480 1143 1904 1213 Democritum,

204 1222 882 1300 Platonemaceepimus
946 1223 1068 1282 Ubi
1091 1224 1247 1281 enim
1271 1223 1563 1301 quidquid.
1574 1231 1727 1280 esset
1747 1223 1907 1300 quod

216 1303 360 1359 disci
393 1310 610 1379 posset,
631 1323 702 1360 eo
730 1303 1076 1360 veniendum
1109 1303 1523 1361 iudicaverunt.
1610 1303 1767 1360 Num
1802 1323 1910 1380 pu·-

216 1390 406 1439 tamus
439 1383 583 1440 haec
611 1382 733 1440 fieri
768 1383 891 1440 sine
925 1403 1153 1440 summo
1194 1383 1533 1461 cupiditatis
1570 1383 1774 1441 ardore
1806 1403 1911 1460 po-

215 1463 429 1521 tuisse?

299 1543 433 1600 XX.
519 1548 612 1600 45.
659 1542 850 1620 Ipsam
887 1542 1327 1620 aegritudinem,
1354 1563 1526 1620 quam
1559 1563 1667 1600 nos
1700 1550 1766 1600 ut
1792 1550 1909 1600 tae-

216 1631 362 1680 tram
399 1627 464 1680 et'
490 1623 820 1680 immanem'
844 1623 1078 1680 beluam
1105 1623 1447 1700 fugiendam
1483 1624 1749 1700 diximus
1787 1643 1907 1680 non

217 1703 338 1760 sine
367 1723 577 1779 magna
604 1703 852 1760 utilitate
881 1724 917 1760 a
949 1711 1157 1760 natura
1186 1705 1389 1761 dieunt
1420 1705 1815 1774 constitutam,
1841 1704 1909 1761 ut

217 1782 482 1841 homines
529 1783 1022 1860 castigationibus
1063 1784 1620 1861 reprehensionibus,
1659 1785 1909 1861 ignomi-

216 1864 330 1920 niis
361 1863 530 1920 adfici
565 1884 626 1921 se
668 1864 727 1921 in
772 1864 983 1922 delicto
1026 1864 1303 1922 dolerent.
1392 1865 1717 1941 Impunitas
1749 1866 1907 1921 enim

217 1950 584 2020 peecatorum
617 1944 754 2001 data
785 1944 1014 2001 videtur
1051 1945 1152 2015 eie,
1182 1945 1281 2021 qui
1317 1945 1697 2020 ignominiam
1734 1954 1792 2001 et
1826 1946 1912 2001 in-

217 2024 454 2081 famiam
483 2024 681 2081 ferunt
715 2025 836 2081 sine
871 2024 1102 2081 dolore:
1146 1994 1399 2081 morderi
1428 2031 1515 2082 aet
1543 2025 1748 2081 melius
1776 2044 1911 2081 con-

218 2103 472 2160 scientia.
534 2104 621 2161 Ex
646 2123 762 2180 quo
791 2112 878 2161 est
905 2104 1048 2161 illud
1077 2124 1108 2161 e
1132 2105 1252 2161 vit-a
1279 2105 1519 2163 ductum
1548 2105 1621 2163 ab
1640 2104 1909 2162 Afranio

219 2183 368 2240 Nam
398 2202 530 2241 cum
559 2184 874 2243 dissolutus
901 2183 1082 2241 filius:

799 2308 912 2356 Heu
938 2322 1018 2356 me
1040 2308 1280 2356 miserum
1300 2309 1315 2356 Ξ

219 2427 342 2477 tum
373 2439 604 2477 severus
633 2428 833 2496 pater:

445 2547 584 2595 Dum
607 2547 757 2596 modo
781 2546 946 2595 domat
969 2547 1174 2611 aliquid,
1200 2525 1368 2596 domat
1390 2548 1663 2611 qnidlubet.

219 2667 313 2718 46.
351 2660 624 2738 Reliquas
657 2681 888 2739 quoque
929 2669 1124 2738 partes
1162 2662 1541 2739 aegritudinis
1582 2661 1753 2720 utiles
1784 2682 1913 2720 esse

218 2742 436 2811 dicunt,
460 2742 908 2803 misericordiam
944 2742 1018 2799 ad
1051 2762 1224 2819 opem
1229 2712 1555 2800 ”ferendam
1590 2750 1649 2801 et
1682 2742 1914 2801 calami—

218 2828 367 2878 tates
392 2821 694 2879 hominum
725 2822 1098 2898 indignorum
1128 2822 1559 2893 sublevandae,‘
1544 2842 1734 2901 lpsum
1765 2822 1909 2881 iliud

219 2900 512 2970 aemulari,
533 2900 852 2959 obtrectare
880 2921 998 2957 non
1020 2920 1143 2959 esse
1164 2902 1385 2973 inutile,
1409 2922 1540 2967 eum
1570 2910 1671 2960 aut
1700 2922 1759 2960 se
1788 2923 1907 2960 non

218 2980 373 3037 idem
403 2980 595 3038 videat
623 2988 994 3037 consecutum
1025 2982 1183 3057 quod
1210 2982 1385 3038 alium
1415 2990 1515 3039 aut
1543 2984 1719 3041 alium
1749 2984 1907 3041 idem

221 3060 378 3135 quod
405 3080 480 3129 se,
505 3068 725 3117 metum
756 3079 890 3117 vero
919 3060 966 3115 si
997 3061 1096 3137 qui
1126 3061 1463 3132 sustulisset,
1493 3082 1723 3119 omnem
1756 3064 1913 3121 vitae

220 3139 580 3213 diligentiam
615 3138 896 3197 sublatam
931 3140 1072 3209 fore,
1099 3160 1243 3216 quae
1278 3160 1503 3198 summa
1536 3150 1683 3201 essct
1713 3144 1772 3199 in
1804 3145 1908 3209 eis,

221 3218 319 3293 qui
353 3218 524 3295 leges,
555 3219 654 3295 qui
689 3218 1076 3295 magistratuS,
1103 3220 1204 3295 qui
1238 3228 1654 3297 paupertatem,
1686 3224 1786 3300 qui
1824 3224 1909 3299 ig-
