2235 3581
1985 17 2229 44 fi÷

768 181 912 239 1213ss
947 189 1068 250 111.,
1103 189 1263 240 CAP.
1304 190 1593 240 VL-VIII.
1962 195 2027 242 85

337 287 680 350 fractionem
713 291 945 368 quidem
980 291 1161 348 animi
1188 297 1247 348 et
1276 291 1699 349 demissionem.
1778 291 1937 360 Quae
1964 294 2027 350 in

341 392 512 450 quem
542 371 771 442 cadunt,
795 372 855 427 in
887 370 1154 428 eumdem
1183 371 1339 429 cadit
1366 378 1432 429 ut
1460 373 1683 443 serviat,
1701 378 1768 429 ut
1789 372 2023 443 victum,

339 454 387 509 si
413 451 660 530 quand0,
683 471 742 508 se
763 470 884 508 esse
906 451 1172 508 fateatur.
1243 450 1401 519 Quae
1426 452 1524 528 qui
1547 452 1767 529 recipit,
1788 453 2029 529 recipiat

341 533 496 590 idem
523 550 752 589 necesse
782 538 868 588 est
895 530 1274 588 timiditatem
1304 539 1363 588 et
1390 531 1697 608 ignaviam.
1783 532 1917 589 Non
1942 552 2029 590 ca-

339 612 490 669 dunt
522 619 711 668 autem
748 610 890 668 haec
923 611 984 668 in
1017 611 1201 668 virum
1240 610 1488 668 fortem:
1533 613 1711 688 igitur
1744 631 1816 670 ne
1850 613 2029 685 aegri—

339 692 484 749 tudo
524 692 774 769 quidem.
846 690 931 748 At
979 710 1151 748 nemo
1194 692 1421 768 sapiens
1466 693 1578 752 nisi
1626 693 1811 750 fortis,
1892 692 1948 748 N
1952 713 2027 750 on

339 773 506 829 cadet
547 792 684 849 ergo
725 772 785 828 in
830 771 1148 848 sapientem
1192 772 1507 849 aegritudo.
1590 778 1680 830 15.
1726 773 2029 830 Praeterea

338 872 568 910 necesse
590 860 691 922 est,
719 852 818 928 qui
845 851 1018 908 fortis
1046 852 1137 916 sit,
1163 852 1431 909 eumdem
1454 871 1573 910 esse
1602 853 1800 930 magni
1828 853 2024 924 animi,

339 1033 472 1069 cum
502 1032 590 1070 res
619 1012 898 1069 humanas
925 1012 1215 1089 despicere
1240 1019 1410 1090 atque
1439 1013 1591 1076 infra
1618 1031 1678 1071 se
1706 1014 1925 1091 positas
1946 1033 2029 1070 ar-

342 1093 552 1150 bitrari.
637 1092 947 1168 Despicere
977 1099 1166 1149 autem
1198 1111 1371 1150 nemo
1396 1100 1590 1170 potest
1612 1113 1705 1151 eas
1732 1113 1837 1161 reS,
1860 1113 2029 1171 prop-

339 1181 426 1230 ter
455 1192 596 1250 quas
628 1173 986 1250 aegritudine
1019 1172 1189 1229 adfici
1222 1179 1430 1249 potest.
1516 1173 1603 1230 Ex
1634 1194 1747 1250 quo
1783 1173 2029 1231 efficitur

338 1254 552 1311 fortem
582 1253 768 1309 virum
803 1252 1162 1328 aegritudine
1194 1273 1512 1330 numquam
1547 1253 1731 1310 adfici.
1810 1253 2029 1312 Omnes

339 1341 530 1390 autem
561 1333 845 1410 sapientes
879 1333 1074 1390 fortes,
1164 1332 1295 1390 Non
1332 1334 1693 1410 cadit-igitur
1720 1334 1777 1390 in
1811 1335 2029 1411 sapien-

339 1421 458 1471 tem
487 1413 803 1491 aegritudo,
890 1413 967 1470 Et
997 1432 1168 1489 quem
1198 1413 1272 1470 ad
1306 1414 1543 1470 modum
1575 1413 1773 1470 oculus
1803 1422 2029 1470 contur-

339 1493 506 1551 batus
540 1513 656 1550 non
700 1500 787 1550 ost
827 1493 1006 1569 probe
1049 1492 1311 1550 adfectus
1344 1493 1419 1550 ad
1452 1513 1619 1550 suum
1653 1512 1863 1550 munus
1898 1494 2029 1550 fun-

337 1574 611 1652 gendum,
649 1579 708 1630 et
756 1572 1006 1649 reliquae
1055 1581 1247 1650 partes
1300 1581 1561 1630 totumve
1617 1592 1824 1651 corpus
1874 1580 2027 1630 statu

339 1674 471 1711 cum
501 1661 587 1711 est
614 1661 857 1722 motum,
883 1654 1042 1711 deest
1072 1653 1263 1710 officio
1292 1673 1397 1710 suo
1427 1661 1485 1710 et
1518 1654 1757 1724 muneri,
1784 1653 1865 1711 sic
1895 1673 2029 1710 con-

337 1735 601 1792 turbatus
629 1734 854 1790 animus
881 1752 999 1790 non
1029 1741 1116 1792 est
1150 1740 1319 1811 aptus
1346 1733 1421 1792 ad
1449 1733 1875 1811 exsequendum
1906 1753 2030 1792 mu-

337 1835 448 1872 nus
476 1835 658 1872 suum.
745 1814 956 1871 Munus
983 1824 1178 1872 autem
1206 1816 1385 1871 animi
1414 1822 1501 1872 est
1523 1816 1743 1872 ratione
1771 1815 1917 1873 bene
1939 1816 2028 1873 uti

339 1903 398 1953 et
419 1896 692 1973 sapientis
714 1895 940 1952 animus
962 1896 1044 1951 ita
1065 1914 1291 1970 semper
1310 1895 1573 1953 adfectus
1595 1902 1697 1965 est,
1719 1902 1785 1953 ut
1804 1896 2027 1953 ratione

340 1977 558 2053 optime
577 1982 785 2032 utatur.
847 1975 1180 2053 Numquam
1203 1976 1382 2051 igitur
1398 1982 1485 2033 est
1502 1976 1884 2052 perturbatus,
1941 1976 2028 2032 At

339 2056 638 2133 aegritudo
673 2054 1029 2132 perturbatio
1065 2063 1152 2113 est
1194 2056 1388 2113 animi.
1476 2056 1716 2132 Semper
1750 2056 1928 2133 igitur
1962 2075 2029 2112 ea

339 2136 565 2213 sapiens
586 2134 826 2192 vacabit.

421 2216 586 2275 VIII.
677 2220 766 2272 16.
805 2215 946 2273 Veri
997 2216 1172 2273 etiam
1228 2214 1411 2273 simile
1467 2216 1611 2274 illud
1660 2223 1761 2287 est,
1803 2216 1902 2293 qui
1952 2216 2027 2273 sit

243 2366 249 2370 ¹
339 2304 679 2373 temperam,
718 2313 886 2373 quem
921 2296 1124 2353 Graeci
1160 2298 1413 2372 σώφρονα
1456 2295 1746 2373 appellant
1786 2315 2026 2373 eamque

339 2378 611 2433 virtutem
655 2376 1011 2453 σωφροσύνην
1055 2383 1279 2447 vocant,
1323 2396 1496 2454 quam
1552 2376 1706 2433 soleo
1758 2376 2021 2453 equidem

339 2464 465 2514 tum
487 2457 942 2533 temperantiam,
961 2463 1086 2513 tum
1109 2457 1565 2514 moderationem
1588 2455 1887 2533 appellare,
1908 2476 2025 2512 non

341 2557 655 2613 numquam
690 2537 862 2594 etiam
899 2537 1259 2606 modestiam,
1293 2537 1393 2594 sed
1425 2536 1582 2594 haud
1616 2536 1733 2593 scio
1768 2556 1838 2593 an
1874 2543 2025 2594 recte

341 2638 408 2674 ca
439 2617 620 2674 virtus
653 2616 953 2694 frugalitas
987 2617 1261 2694 appellari
1302 2612 1503 2693 possit,
1538 2617 1695 2695 quod
1728 2618 2025 2694 angustius

341 2697 496 2774 apud
522 2696 770 2754 Graecos
798 2696 963 2767 valet,
991 2699 1091 2774 qui
1120 2698 1276 2775 frugi
1304 2697 1571 2755 homines
1598 2702 1902 2773 χρησίμους
1932 2717 2026 2773 ap-

340 2777 572 2855 pellant,
605 2777 666 2834 id
702 2784 804 2849 est,
835 2785 1064 2835 tantum
1104 2778 1281 2835 modo
1316 2778 1517 2835 utiles:
1562 2784 1621 2834 at
1655 2777 1799 2834 illud
1832 2784 1918 2834 est
1952 2777 2026 2832 la-

339 2858 486 2915 tius:
543 2858 732 2916 omnis
777 2857 932 2914 enim
977 2858 1337 2929 abstinentia,
1380 2858 1569 2914 omnis
1617 2857 2025 2915 innocentia—

343 2957 487 3015 quae
527 2937 682 3015 apud
715 2938 964 2995 Graecos
1004 2938 1282 2996 usitatum
1324 2957 1537 2995 nomen
1574 2938 1797 2995 nullum
1832 2936 2021 3006 habet,

341 3017 444 3075 sed
486 3018 695 3075 habere
739 3024 933 3096 potest
975 3014 1329 3090 ἀβλάβειανε
1386 3037 1521 3075 nam
1564 3025 1649 3075 est
1697 3016 2027 3074 innocentia

341 3098 594 3157 adfectio
636 3098 767 3155 talis
807 3098 1002 3169 animi,
1042 3116 1187 3175 quae
1234 3105 1439 3155 noceat
1478 3095 2025 3172 nemini—reliquas

337 3181 513 3244 etiam
547 3188 788 3245 virtutes
825 3184 1127 3263 frugalitas
1165 3182 1438 3241 continet.
1524 3179 1684 3248 Quae
1720 3176 1832 3233 nisi
1865 3181 2029 3233 tanta

338 3273 487 3324 esset
525 3274 584 3325 et
625 3267 672 3324 si
710 3267 782 3323 iis
821 3265 1120 3343 angustiiS,
1154 3262 1361 3388 qgiibus
1395 3260 1655 3339 plerique
1692 3262 1917 3334 putant,
1949 3261 2029 3310 tc-
