2235 3581
233 178 249 221 1
263 177 289 222 7
294 177 324 221 6
449 173 1040 226 TUSCULANARUM
1085 177 1252 227 DISP
1260 175 1575 227 UTA'PION
1581 177 1689 227 UM

225 276 550 334 virtutibus.
639 282 729 334 81.
768 276 970 354 Itaque
1011 297 1137 334 eam
1171 278 1528 354 tergiversari
1569 297 1686 334 non
1723 277 1914 336 sinent

225 375 534 433 secumque
587 357 812 434 rapient
857 357 932 414 ad
955 408 960 416 ,
981 377 1400 436 quemcumque
1448 359 1604 434 ipsae
1654 357 1913 416 dolorem

226 438 655 514 cruciatumque
690 437 983 495 ducentur.
1069 437 1359 514 Sapientis
1392 445 1479 496 est
1506 439 1661 496 enim
1695 439 1915 515 propri-

226 536 326 574 um
356 516 498 573 nihil
531 517 687 594 quod
707 517 1000 594 poenitere
1029 519 1215 595 possit
1240 518 1444 589 facere,
1470 518 1613 576 nihil
1645 519 1910 587 invitum,

225 597 542 674 splendide,
575 605 918 669 constanter,
949 599 1214 674 graviter,
1246 598 1486 656 honeste
1525 599 1735 669 omnia,
1766 598 1913 655 nihil

225 677 308 734 ita
337 684 662 754 exspectare
691 678 852 754 quasi
881 685 1036 735 certo
1058 678 1339 750 futurum,
1364 677 1509 736 nihil
1538 698 1665 736 cum
1698 679 1914 736 accide-

226 757 303 814 rit
331 757 616 829 admirari,
635 765 701 815 ut
729 758 1090 834 inopinatum
1122 777 1187 815 ac
1215 778 1431 815 novum
1460 759 1732 816 accidisse
1762 758 1914 816 vide-

224 844 371 906 atur,
398 837 594 896 omnia.
624 838 700 895 ad
727 857 893 894 suum
927 839 1229 895 arbitrium
1258 839 1483 909 referre,
1510 839 1626 896 suis
1654 845 1802 896 stare
1832 839 1914 895 iu-

225 917 407 978 diciis,
494 917 622 985 Quo
661 918 800 994 quid
833 918 909 976 sit
941 918 1165 976 beatius
1198 918 1343 975 mihi
1377 926 1529 976 certe
1563 919 1623 976 in
1656 926 1912 976 mentem

228 997 417 1054 venire
468 1017 584 1053 non
633 1003 842 1074 potest.
930 1004 1022 1056 82.
1069 999 1396 1056 Stoicorum
1448 999 1680 1076 quidem
1724 999 1913 1056 facilis

224 1077 518 1134 conclusio
549 1084 650 1148 est,
677 1078 777 1155 qui
805 1097 935 1135 cum
965 1078 1147 1149 finem,
1168 1079 1454 1136 bonorum
1484 1099 1605 1136 esse
1634 1079 1913 1138 senserint

225 1176 538 1234 congruere
580 1165 815 1216 naturae
857 1177 1103 1237 cumque
1149 1179 1217 1216 ea
1258 1160 1665 1217 convenienter
1704 1158 1909 1230 vivere,

224 1255 359 1293 cum
401 1237 463 1294 id
497 1238 572 1296 sit
604 1237 665 1294 in
704 1239 959 1315 sapiente
997 1239 1169 1296 situm
1208 1258 1325 1296 non
1361 1239 1549 1298 officio
1588 1239 1790 1311 solum,
1822 1259 1913 1296 ve-

225 1336 354 1373 rum
397 1317 568 1374 etiam
605 1325 908 1395 potestate,
939 1327 1210 1396 sequatur
1251 1339 1478 1377 necesse
1520 1327 1607 1378 est
1638 1327 1720 1391 ut,
1752 1321 1913 1377 cuius

225 1397 287 1454 in
314 1404 600 1474 potestate
635 1419 924 1456 summum
952 1399 1189 1471 bonum,
1221 1400 1281 1456 in
1316 1400 1571 1458 eiusdem
1600 1400 1719 1457 vita
1744 1399 1914 1458 beata

226 1477 317 1534 sit.
403 1477 493 1535 Ita
513 1477 580 1534 fit
601 1498 827 1556 semper
845 1479 963 1536 vita
981 1479 1154 1537 beata
1180 1480 1470 1556 sapientie.
1547 1479 1746 1538 Habes
1768 1495 1913 1557 quae

224 1558 540 1615 fortissime
581 1559 654 1616 de
695 1559 866 1616 beata
905 1560 1025 1617 vit-a
1065 1559 1181 1618 dici
1222 1567 1424 1636 putem
1464 1567 1540 1630 et,
1578 1579 1693 1636 quo
1734 1561 1913 1618 modo

227 1657 380 1696 nunc
422 1645 524 1709 est,
555 1640 666 1696 nisi
705 1639 845 1716 quid
877 1647 944 1698 tu
983 1639 1190 1698 melius
1230 1639 1505 1711 attuleriS,
1536 1641 1713 1698 etiam
1748 1641 1915 1700 veris·

225 1738 387 1776 sime.

307 1797 537 1855 XXIX.
615 1798 687 1857 A.
726 1798 930 1857 Melius
953 1801 1221 1878 equidem
1244 1801 1469 1859 adferre
1489 1800 1633 1857 nihil
1656 1820 1910 1877 possum,

225 1879 330 1936 sed
361 1885 485 1937 ate
526 1878 883 1955 impetrarim
923 1880 1182 1951 libenter,
1214 1888 1296 1952 ut,
1328 1881 1440 1939 nisi
1473 1880 1782 1939 molestum
1818 1882 1911 1952 sit,

225 1959 500 2036 quoniam
528 1966 587 2016 te
616 1959 774 2017 nulla
795 1961 1021 2018 vincula
1046 1961 1375 2038 impediunt
1397 1961 1567 2019 ullius
1595 1968 1781 2019 certae
1804 1962 1915 2019 dis-

225 2038 470 2115 ciplinae
504 2038 760 2116 libasque
802 2060 870 2097 ex
905 2040 1174 2100 omnibus
1208 2041 1612 2120 quodcumque
1646 2048 1705 2099 te
1739 2042 1916 2099 maxi-

226 2138 321 2176 me
355 2118 541 2195 specie
569 2120 824 2177 veritatis
857 2128 1068 2193 movet,
1097 2122 1257 2199 quod
1287 2121 1481 2199 paullo
1515 2128 1649 2181 ante
1684 2122 1917 2199 Peripa-

225 2199 434 2256 teticos
467 2206 828 2277 veteremque
864 2200 1237 2259 Academiam
1281 2201 1499 2259 hortari
1534 2202 1816 2273 videbare,
1848 2210 1916 2260 ut

227 2280 350 2337 sine
377 2280 718 2337 retractione
747 2280 921 2337 liber-e
951 2281 1139 2339 dicere
1166 2282 1443 2339 auderent
1472 2283 1759 2360 sapientes
1792 2302 1915 2339 esse

226 2378 452 2436 semper
472 2359 846 2432 beatissimOS,
868 2362 930 2418 id
951 2361 1121 2419 velim
1150 2362 1363 2434 audire,
1385 2381 1556 2439 quem
1578 2364 1652 2420 ad
1674 2362 1913 2419 modum

227 2440 319 2497 his
348 2446 516 2516 putes
543 2448 988 2499 consentaneum
1019 2462 1139 2499 esse
1168 2442 1230 2499 id
1259 2443 1461 2501 dicere.
1547 2442 1733 2500 Multa
1760 2443 1911 2501 enim

226 2540 262 2577 a
289 2528 347 2577 te
376 2527 576 2578 contra
603 2520 781 2577 istam.
795 2523 1139 2581 sententiam
1169 2523 1324 2581 dicta
1351 2530 1485 2581 sunt
1506 2530 1565 2581 et
1586 2522 1910 2580 Stoicorum

227 2600 449 2658 ratione
477 2600 759 2658 conclusa.

313 2686 403 2736 83.
463 2679 540 2737 M.
586 2680 838 2739 Utamur
881 2682 1059 2759 igitur
1099 2682 1378 2753 libertate,
1416 2702 1530 2760 qua
1569 2682 1737 2741 nobis
1778 2682 1916 2739 solis

227 2761 289 2818 in
321 2759 686 2839 philosophia
713 2762 848 2820 licet
879 2763 983 2833 uti,
1009 2781 1255 2840 quorum
1290 2764 1473 2820 oratio
1502 2763 1646 2820 nihil
1681 2763 1807 2839 ipsa
1834 2762 1917 2819 iu-

227 2841 400 2911 dicat,
427 2840 526 2898 sed
556 2840 798 2899 habetur
829 2843 890 2899 in
921 2862 1120 2900 omnes
1147 2849 1353 2919 parteS,
1376 2850 1443 2900 ut
1472 2842 1543 2901 ab
1578 2842 1703 2901 aliis
1730 2842 1916 2919 possit

229 2922 356 2997 ipsa
397 2940 498 2998 per
547 2941 668 2979 sese
709 2923 920 2980 nullius
961 2924 1302 2980 auctoritate
1344 2923 1615 2981 adiuncta
1653 2922 1911 2981 iudicari.

229 3000 307 3057 Et
337 3002 608 3077 quoniam
633 3002 841 3059 videris
871 3002 980 3059 hoc
1003 3003 1163 3074 velle,
1186 3010 1265 3073 ut,
1289 3022 1681 3080 quaecumque
1702 3002 1917 3060 dissen-

226 3081 498 3137 tientium
533 3081 1010 3159 philosophorum
1045 3082 1329 3141 sententia
1362 3083 1439 3140 sit
1471 3083 1543 3141 de
1576 3082 1803 3155 finibuS,
1834 3090 1917 3141 ta-

229 3179 364 3217 men
397 3161 578 3218 virtus
618 3162 757 3217 satis
791 3161 999 3220 habeat
1039 3163 1114 3220 ad
1146 3163 1326 3220 vitam
1358 3162 1587 3221 beatam
1624 3164 1913 3241 praesidii,

228 3240 389 3317 quod
423 3240 654 3317 quidem
690 3240 1042 3300 Carneadem
1087 3243 1379 3321 disputare
1420 3244 1656 3301 solitum
1700 3243 1917 3319 accepi·
