2235 3581
677 168 816 217 LIB.
853 167 941 230 V.,
973 167 1132 218 CAP.
1165 167 1642 217 XXVIII.-XXX.
1916 171 2013 216 177

320 289 467 341 muS,
505 269 606 327 sed
649 270 715 340 ie,
755 277 822 327 ut
865 275 1066 327 contra
1109 267 1354 340 StoicOS,
1401 263 1547 346 quos
1594 267 2015 326 studiosissime

321 369 546 427 semper
565 350 861 408 refellebat
889 356 948 407 et
969 355 1170 407 contra
1198 368 1445 426 quorum
1466 348 1829 426 disciplinam
1857 349 2015 426 inge-

321 433 484 488 nium
525 430 648 488 eius
686 437 984 498 exarserat,
1015 450 1123 487 nos
1155 429 1299 486 illud
1333 429 1487 486 idem
1530 449 1661 486 cum
1705 448 1843 505 pace
1886 449 2015 506 age-

319 530 465 568 muS.
551 509 613 568 Si
662 511 816 567 enim
860 509 1042 567 Stoici
1083 509 1228 568 fines
1268 510 1554 567 bonorum
1598 515 1753 566 recte
1793 509 2016 585 posive-

320 597 472 663 runt,
509 591 775 648 confecta
814 611 904 648 res
945 598 1065 649 est:
1109 609 1339 648 necesse
1384 597 1471 647 est
1512 609 1737 666 semper
1776 588 2011 646 beatum

321 690 442 728 esse
471 671 805 748 sapientem.
895 675 987 728 84.
1026 671 1141 728 Sed
1166 689 1504 748 quaeramus
1534 689 1705 726 unam
1727 689 2016 746 quamque

320 751 669 829 reliquorum
701 751 1062 822 sententiam,
1088 751 1136 807 si
1158 751 1281 808 fieri
1312 757 1521 828 potest,
1543 757 1608 807 ut
1631 750 1740 806 hoc
1769 749 2016 826 praecla-

321 851 448 888 rum
480 831 641 908 quasi
671 831 962 888 decretum
991 831 1194 889 beatae
1216 831 1365 888 vitae
1388 831 1572 909 possit
1601 831 1861 888 omnium
1891 849 2015 887 sen-

321 912 522 968 tentiis
549 918 608 968 et
637 911 956 988 disciplinis
983 911 1305 969 convenire.

401 991 600 1048 XXX.
643 991 792 1048 Sunt
825 998 1018 1049 autem
1053 993 1194 1049 haec
1229 991 1300 1048 de
1328 990 1556 1063 finibuS‚
1581 998 1649 1048 ut
1680 991 1906 1068 opinor,
1931 1009 2016 1046 re-

321 1077 514 1128 tentae
560 1071 944 1149 defensaeque
972 1072 1322 1131 sententiae.
1409 1071 1673 1129 Primum
1722 1070 2017 1147 simplices

323 1158 626 1229 quattuor:
683 1152 828 1209 nihil
877 1152 1096 1210 bonum
1146 1153 1258 1209 nisi
1302 1152 1630 1223 honestum,
1676 1159 1741 1208 ut
1793 1151 2012 1208 Stoici:

321 1232 466 1288 nihil
497 1232 714 1289 bonum
747 1233 860 1289 nisi
887 1232 1263 1311 voluptatem,
1288 1239 1355 1289 ut
1383 1231 1697 1308 Epicurus:
1746 1232 1889 1288 nihil
1913 1230 2015 1288 bo-

321 1331 462 1369 num
505 1313 616 1370 nisi
651 1313 996 1370 vacuitatem
1031 1313 1268 1383 doloris,
1294 1318 1360 1370 ut
1392 1311 1823 1388 Hieronymus:
1865 1311 2013 1368 nihil

320 1392 540 1450 bonum
582 1394 695 1450 nisi
736 1400 971 1451 naturae
1011 1394 1219 1473 primis
1260 1393 1427 1450 bonis
1470 1399 1569 1448 aut
1603 1390 1871 1449 omnibus
1912 1399 2015 1448 aut

321 1471 588 1530 maximis
610 1474 743 1545 frui,
764 1480 831 1531 ut
851 1473 1175 1532 Carneades
1202 1479 1402 1530 contra
1430 1471 1657 1530 Stoicos
1678 1471 2009 1529 disserebat.

321 1553 484 1612 Haec
526 1555 704 1632 igitur
744 1554 1043 1631 simplicia,
1073 1554 1174 1611 illa
1207 1553 1406 1611 mixta.
1495 1559 1586 1610 85.
1628 1552 1763 1608 Tria
1802 1571 2015 1628 genera

321 1633 624 1706 bonorum,
655 1635 908 1691 maxima
948 1635 1143 1705 animi,
1181 1633 1431 1690 secunda
1470 1633 1742 1711 corporis,
1780 1639 2016 1690 externa

324 1716 509 1786 tertia,
540 1722 608 1772 ut
640 1714 1011 1793 Peripatetici
1052 1733 1159 1771 nec
1201 1713 1387 1770 multo
1424 1719 1643 1770 veteres
1676 1712 2015 1770 Academici

323 1807 516 1853 secus:
564 1796 921 1872 voluptatem
978 1814 1108 1852 cum
1159 1795 1459 1851 honestate
1507 1793 1905 1852 Dinomachus
1954 1800 2017 1851 et

323 1868 591 1953 Callipho
625 1876 932 1952 copulavit,
957 1874 1337 1932 indolentiam
1372 1881 1563 1933 autem
1588 1874 1878 1932 honestati
1906 1874 2016 1932 Pe-

322 1956 656 2033 ripateticus
676 1954 970 2013 Diodorus
999 1955 1277 2013 adiunxit.
1355 1954 1484 2013 Hae
1514 1960 1648 2011 sunt
1676 1956 2011 2025 sententiae,

325 2055 469 2112 quae
525 2035 855 2093 stabilitatis
911 2035 1131 2113 aliquid
1178 2034 1460 2092 habeant:
1518 2054 1651 2091 nam
1698 2035 2010 2105 AristoniS,

323 2116 659 2192 PyrrhoniS,
691 2116 900 2173 Herilli
933 2135 1049 2172 non
1093 2115 1495 2191 nullorumque
1530 2116 1771 2171 aliorum
1807 2134 2014 2172 evanu-

324 2203 506 2253 erunt.
592 2195 675 2252 Hi
734 2196 875 2272 quid
922 2196 1148 2272 possint
1196 2195 1457 2252 obtinere
1498 2195 1794 2251 videamus
1842 2194 2013 2251 omis·

325 2276 401 2332 sis
443 2275 670 2345 Stoicis,
709 2294 953 2351 quorum
997 2276 1135 2333 satis
1177 2275 1377 2332 videor
1418 2274 1741 2331 defendisse
1788 2280 2012 2331 senten·

322 2356 480 2413 tiam.
566 2355 643 2412 Et
684 2355 1200 2432 Peripateticorum
1244 2355 1476 2431 quidem
1519 2354 1801 2431 explicata
1843 2373 2015 2411 causa

325 2444 427 2506 est,
452 2443 676 2512 praeter
701 2435 1165 2513 Theophrastum
1200 2441 1259 2492 et
1286 2436 1335 2491 si
1364 2436 1465 2512 qui
1497 2434 1659 2492 illum
1694 2434 1875 2491 secuti
1908 2435 2013 2490 im·
2050 2441 2058 2447 '

323 2515 581 2573 becillius
629 2515 866 2573 horrent
913 2516 1173 2573 dolorem
1228 2523 1287 2572 et
1334 2514 1731 2585 reformidant,
1776 2514 2014 2591 reliquis

325 2596 558 2672 quidem
595 2595 728 2652 licet
755 2596 944 2653 facere
971 2596 1049 2666 id,
1077 2595 1232 2673 quod
1260 2595 1382 2653 fere
1409 2595 1649 2665 faciunt,
1671 2602 1737 2651 ut
1770 2596 2014 2673 gravita-

324 2682 443 2732 tem
473 2675 932 2753 dignitatemque
961 2676 1189 2734 virtutis
1217 2682 1575 2752 exaggerent.
1662 2674 1847 2743 Quam
1879 2694 2013 2733 cum

324 2755 399 2812 ad
432 2756 650 2813 caelum
686 2757 1026 2827 extulerunt,
1053 2756 1210 2832 quod
1242 2756 1433 2813 facere
1464 2755 1797 2832 eloquentes
1830 2755 2015 2812 homi-

324 2854 428 2891 nes
471 2836 704 2912 copiose
749 2835 950 2906 solent,
986 2836 1207 2913 reliqua
1250 2856 1319 2893 ex
1365 2834 1669 2893 collatione
1710 2836 1879 2893 facile
1926 2844 2015 2893 est

325 2922 617 2972 conterere
645 2923 818 2993 atque
847 2922 1227 2974 contemnere.
1313 2914 1370 2973 N
1373 2935 1436 2973 ec
1464 2915 1619 2972 enim
1640 2915 1778 2973 licet
1802 2916 1890 2987 iis,
1913 2916 2014 2993 qui

323 2994 554 3052 laudem
583 3014 713 3052 cum
739 2996 936 3053 dolore
965 2996 1271 3073 petendam
1304 3015 1425 3053 esse
1448 2996 1659 3067 dicant,
1679 3014 1885 3072 negare
1914 3016 2014 3053 eos

326 3094 447 3131 esse
468 3074 684 3146 beatOS,
708 3076 806 3152 qui
827 3075 983 3132 illam
1014 3076 1209 3152 adepti
1234 3083 1381 3133 sunt.
1464 3075 1828 3152 Quamquam
1858 3077 2009 3134 enim

327 3154 443 3211 sint
487 3155 547 3210 in
594 3154 938 3231 quibusdam
983 3156 1167 3227 maliS,
1203 3163 1394 3213 tamen
1444 3156 1554 3213 hoc
1598 3175 1810 3212 nomen
1856 3156 2011 3213 beat-i

326 3234 498 3311 longe
527 3242 585 3291 et
614 3235 726 3292 late
756 3241 930 3311 patet.
