2235 3581
244 164 338 212 100
432 150 1023 212 TUSCULANARUM
1043 163 1673 216 -DISPUTATIONUM

240 264 356 323 Sed
378 265 492 322 iam
511 265 949 323 decantaverant
966 266 1225 324 fortasse.
1291 265 1379 323 Eo
1398 267 1551 324 enim
1572 274 1733 325 erant
1749 268 1928 342 vultu,

240 345 514 415 oratione,
537 345 944 422 omni-reliquo
979 354 1145 404 motu
1180 353 1240 404 et
1273 353 1442 417 stat-u,
1464 354 1530 404 ut
1560 367 1659 405 eos
1676 348 1931 426 Argivos

239 434 338 483 aut
368 425 672 501 Sicyonios
700 425 932 496 dicereS,
954 427 1252 504 magisque
1286 447 1380 484 me
1413 435 1711 485 moverant
1730 429 1931 487 Corin-

238 507 326 564 thi
356 506 549 563 subito
579 513 839 582 aspectae
861 507 1175 582 parietinae⁵
1195 526 1362 584 quam
1397 508 1555 583 ipsos
1573 507 1925 580 CorinthiOS,

239 606 482 664 quorum
519 587 726 642 animis
759 587 1033 644 diuturna
1066 587 1345 662 cogitatio
1382 587 1586 645 callum
1624 591 1928 648 vetustatis

239 667 570 724 obduxerat.
660 671 751 724 54.
799 666 1068 743 Legimus
1110 667 1319 725 librum
1358 667 1721 740 Clitomachi,
1754 689 1925 748 quem

239 747 331 804 ille
362 766 554 804 eversa
584 746 942 822 Karthagine
970 748 1131 805 misit
1150 748 1484 805 consolandi
1506 768 1677 807 causa
1704 750 1777 808 ad
1798 769 1927 828 eap-

236 829 387 884 tivos
416 830 566 884 cives
601 845 766 884 suos:
811 828 870 884 in
901 847 971 885 eo
1001 835 1087 884 est
1110 828 1428 905 disputatio
1452 829 1665 906 scripta
1686 830 1927 888 Carnea-

236 908 342 978 dis,
365 927 537 984 quam
573 927 632 964 se
667 907 749 964 ait
781 907 841 964 in
878 909 1358 966 commentarium
1392 909 1695 968 rettulisse.
1773 909 1924 968 Cum

236 989 318 1044 ita
351 987 607 1064 positum
652 995 816 1056 esset,
840 988 1020 1045 videri
1053 989 1181 1046 fore
1215 990 1275 1046 in
1310 989 1669 1066 aegritudine
1704 991 1926 1067 sapien-

236 1076 352 1125 tem
377 1067 563 1143 patria
585 1075 768 1144 capta,
792 1087 936 1144 quae
959 1069 1281 1126 Carneades
1302 1077 1505 1126 contra
1522 1069 1732 1127 dixerit
1753 1072 1925 1148 scrip-

235 1155 298 1204 ta
339 1154 487 1205 sunt.
575 1147 763 1204 Tanta
803 1149 984 1224 igitur
1023 1148 1366 1207 calamitatis
1408 1150 1722 1227 praesentis
1764 1150 1924 1207 adhi-

235 1228 404 1284 betur
424 1247 459 1284 a
482 1227 830 1304 philosopho
854 1229 1157 1301 medicina,
1181 1238 1395 1306 quanta
1422 1231 1482 1287 in
1511 1230 1829 1288 inveterata
1851 1251 1923 1288 ne

235 1308 590 1366 desideratur
620 1309 871 1385 quidem,
907 1329 1013 1366 nec
1055 1311 1103 1366 si
1146 1310 1368 1387 aliquot
1402 1310 1566 1367 annis
1598 1318 1733 1387 post
1766 1311 1921 1368 idem

237 1388 330 1445 ille
360 1388 503 1446 liber
531 1389 773 1466 captivis
801 1390 1008 1446 missus
1037 1397 1202 1459 esset,
1224 1390 1552 1448 vulneribus
1581 1391 1920 1462 mederetur,

236 1468 336 1526 sed
365 1469 738 1528 cicatricibus
825 1469 1051 1527 Sensim
1079 1471 1234 1526 enim
1264 1478 1323 1527 et
1350 1471 1767 1547 pedetemptim
1796 1491 1925 1548 pro-

235 1549 500 1626 grediens
530 1556 871 1607 extenuatur
892 1550 1072 1621 dolor,
1091 1569 1207 1607 non
1230 1570 1344 1627 quo
1373 1551 1500 1628 ipsa
1519 1571 1607 1608 res
1630 1552 1923 1609 immutari

237 1629 416 1687 soleat
437 1637 537 1687 aut
561 1631 756 1706 possit,
783 1630 882 1688 sed
913 1630 989 1701 id,
1011 1631 1169 1707 quod
1187 1631 1333 1688 ratio
1352 1631 1643 1702 debuerat,
1674 1651 1805 1688 usus
1824 1632 1925 1690 do-

237 1717 343 1780 cet,
365 1711 591 1767 minora
619 1729 739 1767 esse
769 1729 850 1782 ea,
868 1729 1012 1787 quae
1041 1711 1158 1768 sint
1181 1712 1301 1768 visa
1328 1712 1559 1768 maiora.

230 1840 234 1845 .
319 1790 547 1848 XXIII.
629 1797 720 1848 55.
759 1789 914 1859 Quid
943 1811 1080 1868 ergo
1110 1811 1257 1869 opus
1286 1800 1389 1864 est,
1410 1792 1564 1850 dicet
1592 1790 1814 1869 aliquiS,
1838 1812 1924 1850 ra-

236 1872 394 1928 tione
430 1877 529 1927 aut
563 1871 800 1928 omnino
835 1872 1228 1929 consolatione
1262 1872 1375 1943 illa,
1398 1892 1511 1949 qua
1538 1872 1787 1930 solemus
1816 1873 1919 1945 uti,

236 1972 367 2009 cum
388 1951 571 2008 levare
591 1951 846 2008 dolorem
869 1952 1245 2009 maerentium
1270 1952 1568 2010 volumus?
1616 1952 1749 2010 Hoc
1768 1954 1920 2011 enim

235 2032 356 2089 fere
386 2038 508 2088 tum
547 2031 825 2089 habemus
859 2031 919 2088 in
953 2039 1246 2108 prompta,
1273 2032 1415 2090 nihil
1447 2039 1712 2109 oportere
1740 2033 1925 2110 inopi-

220 2116 434 2168 ‘natum
471 2111 667 2169 videri.
737 2110 862 2169 Aut
891 2112 991 2189 qui
1023 2112 1379 2170 tolerabilius
1419 2113 1568 2170 feret
1609 2113 1925 2170 incommo-

236 2192 372 2249 dum
407 2193 505 2268 qui
536 2193 872 2267 cognoverit
897 2211 1127 2249 necesse
1158 2211 1279 2249 esse
1310 2192 1535 2250 homini
1562 2191 1675 2250 talc
1704 2192 1923 2269 aliquid

235 2273 528 2330 accidere?
602 2272 762 2329 Haec
785 2272 938 2329 enim
970 2273 1153 2329 oratio
1184 2273 1261 2330 de
1283 2273 1409 2349 ipsa
1431 2292 1655 2330 summa
1683 2272 1817 2331 mali
1841 2274 1924 2331 ni-

233 2352 314 2410 hil
346 2353 614 2423 detrahit,
637 2360 864 2410 tantum
886 2351 1063 2409 modo
1086 2353 1277 2409 adfert
1305 2353 1447 2409 nihil
1471 2353 1741 2423 evenisse,
1762 2354 1921 2430 quod

234 2453 352 2491 non
377 2432 731 2510 opinandum
755 2432 974 2489 fuisset.
1061 2432 1264 2510 Neque
1292 2440 1485 2489 tamen
1508 2452 1689 2509 genus
1718 2432 1780 2489 id
1802 2452 1924 2490 ora-

234 2514 411 2571 tionis
441 2514 497 2569 in
529 2512 878 2569 consolando
907 2532 1023 2570 non
1052 2512 1220 2584 valet,
1242 2513 1340 2570 sed
1372 2513 1431 2571 id
1460 2513 1615 2570 haud
1644 2513 1818 2571 sciam
1848 2533 1919 2570 an

233 2593 562 2671 plurimum.
643 2591 796 2664 Ergo
815 2593 924 2649 ista
952 2594 1298 2670 necopinata
1324 2613 1442 2650 non
1464 2593 1680 2651 habent
1700 2600 1921 2650 tantam

233 2674 368 2742 vim,
392 2679 455 2728 ut
485 2671 784 2747 aegritudo
813 2692 881 2729 ex
911 2673 983 2729 iis
1011 2674 1201 2729 omnis
1230 2674 1476 2731 oriatur:
1520 2673 1739 2731 feriunt
1766 2674 1919 2730 enim

233 2754 478 2809 fortasse
520 2752 780 2828 gravius:
825 2772 941 2809 non
983 2752 1046 2809 id
1087 2752 1345 2810 efficiunt
1380 2765 1443 2810 ut
1477 2772 1558 2823 ea,
1598 2772 1743 2831 quae
1780 2753 1922 2810 acci-

234 2832 390 2902 dant,
407 2832 625 2889 maiora
641 2831 965 2903 videantur3
993 2826 1241 2905 [maiora
1258 2830 1565 2909 videntum]
1586 2833 1719 2911 quia
1736 2852 1923 2890 recen-

232 2913 316 2970 tia
346 2919 496 2982 sunt,
523 2931 636 2967 non
670 2912 805 2988 quia
830 2913 1144 2988 repentina.
1234 2919 1325 2970 56.
1352 2913 1601 2989 'Duplex
1630 2920 1717 2970 est
1746 2913 1925 2989 igitur

232 2992 380 3049 ratio
403 2992 521 3049 veri
552 2991 869 3067 reperiendi
900 3011 1015 3048 non
1045 2993 1105 3048 in
1128 2993 1207 3051 ‚iis
1236 2992 1437 3063 solum,
1464 3012 1608 3069 quae
1632 2992 1797 3064 mala,
1821 2993 1923 3051 sed

233 3072 294 3128 in
324 3072 395 3128 iis
424 3072 616 3141 etiam,
640 3090 782 3147 quae
800 3070 953 3127 bona
975 3071 1255 3129 videntur.
1328 3072 1477 3128 Nam
1508 3080 1609 3129 aut
1638 3073 1819 3149 ipsius
1838 3073 1921 3129 rei

233 3158 438 3207 natura
469 3150 650 3227 qualis
679 3157 738 3206 et
767 3157 981 3226 quanta
1015 3152 1089 3207 sit
1120 3152 1461 3227 quaerimus,
1484 3160 1549 3208 ut
1583 3152 1655 3209 de
1684 3172 1924 3229 pauper-

233 3235 354 3285 tate
383 3248 496 3285 non
530 3248 861 3305 numquam,
887 3231 1047 3287 cuius
1081 3250 1228 3287 onus
1262 3231 1613 3308 disputando
1648 3232 1919 3299 levamus,
