<?xml version="1.0" encoding="UTF-8"?>
<!DOCTYPE html PUBLIC "-//W3C//DTD XHTML 1.0 Transitional//EN"
    "http://www.w3.org/TR/xhtml1/DTD/xhtml1-transitional.dtd">
<html xmlns="http://www.w3.org/1999/xhtml" xml:lang="en" lang="en">
 <head>
  <title>
</title>
<meta http-equiv="Content-Type" content="text/html;charset=utf-8" />
  <meta name='ocr-system' content='tesseract 3.04.00' />
  <meta name='ocr-capabilities' content='ocr_page ocr_carea ocr_par ocr_line ocrx_word'/>
</head>
<body>
  <div class='ocr_page' id='page_1' title='image "./tusculanarumdis06cicegoog_0105.png"; bbox 0 0 2235 3581; ppageno 0'>
   <div class='ocr_carea' id='block_1_1' title="bbox 669 165 2001 229">
    <p class='ocr_par' dir='ltr' id='par_1_1' title="bbox 669 165 2001 229">
     <span class='ocr_line' id='line_1_1' title="bbox 669 165 2001 229; baseline 0.003 -15"><span class='ocrx_word' id='word_1_1' title='bbox 669 165 808 216; x_wconf 89' lang='lat' dir='ltr'>LIB.</span> <span class='ocrx_word' id='word_1_2' title='bbox 848 165 974 228; x_wconf 68' lang='lat'>111„</span> <span class='ocrx_word' id='word_1_3' title='bbox 1007 167 1163 216; x_wconf 85' lang='lat' dir='ltr'>CAP.</span> <span class='ocrx_word' id='word_1_4' title='bbox 1199 167 1399 229; x_wconf 70' lang='lat' dir='ltr'><strong>XVII„</strong></span> <span class='ocrx_word' id='word_1_5' title='bbox 1421 165 1625 218; x_wconf 86' lang='lat' dir='ltr'><strong>XVIII.</strong></span> <span class='ocrx_word' id='word_1_6' title='bbox 1934 173 2001 218; x_wconf 81' lang='lat'><strong>95</strong></span> 
     </span>
    </p>
   </div>
   <div class='ocr_carea' id='block_1_2' title="bbox 293 266 1990 406">
    <p class='ocr_par' dir='ltr' id='par_1_2' title="bbox 293 266 1990 406">
     <span class='ocr_line' id='line_1_2' title="bbox 295 266 1990 405; baseline 0.002 -81"><span class='ocrx_word' id='word_1_7' title='bbox 295 266 792 405; x_wconf 55' lang='lat' dir='ltr'><strong>triafeirbsutlantem</strong></span> <span class='ocrx_word' id='word_1_8' title='bbox 815 274 988 346; x_wconf 89' lang='lat' dir='ltr'><strong>atque</strong></span> <span class='ocrx_word' id='word_1_9' title='bbox 1011 271 1316 347; x_wconf 66' lang='lat' dir='ltr'><strong>egentem?</strong></span> <span class='ocrx_word' id='word_1_10' title='bbox 1357 269 1418 326; x_wconf 93' lang='lat' dir='ltr'><strong>in</strong></span> <span class='ocrx_word' id='word_1_11' title='bbox 1442 288 1557 347; x_wconf 90' lang='lat' dir='ltr'><strong>quo</strong></span> <span class='ocrx_word' id='word_1_12' title='bbox 1585 269 1725 328; x_wconf 84' lang='lat' dir='ltr'><strong>haec</strong></span> <span class='ocrx_word' id='word_1_13' title='bbox 1748 270 1990 328; x_wconf 83' lang='lat' dir='ltr'><strong>admira-</strong></span> 
     </span>
     <span class='ocr_line' id='line_1_3' title="bbox 293 349 562 406; baseline -0.007 0"><span class='ocrx_word' id='word_1_14' title='bbox 293 349 379 406; x_wconf 82' lang='lat' dir='ltr'><strong>t-io</strong></span> <span class='ocrx_word' id='word_1_15' title='bbox 453 365 484 404; x_wconf 92' lang='lat' dir='ltr'><strong>e</strong></span> <span class='ocrx_word' id='word_1_16' title='bbox 527 367 562 404; x_wconf 87' lang='lat' dir='ltr'><strong>a</strong></span> 
     </span>
    </p>
   </div>
   <div class='ocr_carea' id='block_1_3' title="bbox 245 442 1995 3330">
    <p class='ocr_par' dir='ltr' id='par_1_3' title="bbox 296 442 1988 557">
     <span class='ocr_line' id='line_1_4' title="bbox 296 442 1988 557; baseline 0.002 -65"><span class='ocrx_word' id='word_1_17' title='bbox 296 444 479 492; x_wconf 88' lang='lat' dir='ltr'><strong>Hicine</strong></span> <span class='ocrx_word' id='word_1_18' title='bbox 511 452 588 557; x_wconf 45' lang='lat' dir='ltr'><strong>est</strong></span> <span class='ocrx_word' id='word_1_19' title='bbox 620 442 704 492; x_wconf 87' lang='lat' dir='ltr'><strong>ille</strong></span> <span class='ocrx_word' id='word_1_20' title='bbox 727 443 985 502; x_wconf 83' lang='lat' dir='ltr'><strong>Telamon,</strong></span> <span class='ocrx_word' id='word_1_21' title='bbox 1007 444 1159 492; x_wconf 89' lang='lat' dir='ltr'><strong>modo</strong></span> <span class='ocrx_word' id='word_1_22' title='bbox 1194 459 1346 507; x_wconf 87' lang='lat' dir='ltr'><strong>quem</strong></span> <span class='ocrx_word' id='word_1_23' title='bbox 1379 444 1537 505; x_wconf 80' lang='lat' dir='ltr'><strong>gloria</strong></span> <span class='ocrx_word' id='word_1_24' title='bbox 1570 445 1635 493; x_wconf 83' lang='lat' dir='ltr'><strong>ad</strong></span> <span class='ocrx_word' id='word_1_25' title='bbox 1668 445 1865 494; x_wconf 85' lang='lat' dir='ltr'><strong>caelum</strong></span> <span class='ocrx_word' id='word_1_26' title='bbox 1897 461 1988 495; x_wconf 83' lang='lat' dir='ltr'><strong>ex-</strong></span> 
     </span>
    </p>

    <p class='ocr_par' dir='ltr' id='par_1_4' title="bbox 245 517 1929 731">
     <span class='ocr_line' id='line_1_5' title="bbox 489 517 606 560; baseline -0.034 0"><span class='ocrx_word' id='word_1_27' title='bbox 489 518 543 560; x_wconf 88' lang='lat' dir='ltr'><strong>tu</strong></span> <span class='ocrx_word' id='word_1_28' title='bbox 568 517 606 557; x_wconf 78' lang='lat' dir='ltr'><strong>lt</strong></span> 
     </span>
     <span class='ocr_line' id='line_1_6' title="bbox 245 545 1929 638; baseline 0.001 -15"><span class='ocrx_word' id='word_1_29' title='bbox 245 635 250 638; x_wconf 25' lang='grc' dir='ltr'>Ι</span> <span class='ocrx_word' id='word_1_30' title='bbox 298 577 460 636; x_wconf 83' lang='lat' dir='ltr'><strong>Quem</strong></span> <span class='ocrx_word' id='word_1_31' title='bbox 484 545 824 638; x_wconf 64' lang='lat' dir='ltr'><strong>aspectabant,</strong></span> <span class='ocrx_word' id='word_1_32' title='bbox 846 575 987 622; x_wconf 87' lang='lat' dir='ltr'><strong>cuius</strong></span> <span class='ocrx_word' id='word_1_33' title='bbox 1009 575 1076 622; x_wconf 92' lang='lat' dir='ltr'><strong>ob</strong></span> <span class='ocrx_word' id='word_1_34' title='bbox 1099 591 1156 623; x_wconf 88' lang='lat' dir='ltr'><strong>os</strong></span> <span class='ocrx_word' id='word_1_35' title='bbox 1181 575 1321 624; x_wconf 80' lang='lat' dir='ltr'><strong>Graii</strong></span> <span class='ocrx_word' id='word_1_36' title='bbox 1346 590 1435 624; x_wconf 83' lang='lat' dir='ltr'><strong>ora</strong></span> <span class='ocrx_word' id='word_1_37' title='bbox 1460 575 1783 625; x_wconf 78' lang='lat' dir='ltr'>obvertebant</span> <span class='ocrx_word' id='word_1_38' title='bbox 1806 578 1929 626; x_wconf 77' lang='lat' dir='ltr'><strong>sua?</strong></span> 
     </span>
     <span class='ocr_line' id='line_1_7' title="bbox 295 659 1217 731; baseline -0.004 -11"><span class='ocrx_word' id='word_1_39' title='bbox 295 669 389 720; x_wconf 87' lang='lat'><strong>40.</strong></span> <span class='ocrx_word' id='word_1_40' title='bbox 427 660 599 730; x_wconf 83' lang='lat' dir='ltr'><strong>Quod</strong></span> <span class='ocrx_word' id='word_1_41' title='bbox 627 661 676 718; x_wconf 85' lang='lat' dir='ltr'><strong>si</strong></span> <span class='ocrx_word' id='word_1_42' title='bbox 703 660 814 731; x_wconf 88' lang='lat' dir='ltr'><strong>cui,</strong></span> <span class='ocrx_word' id='word_1_43' title='bbox 841 667 908 717; x_wconf 88' lang='lat' dir='ltr'><strong>ut</strong></span> <span class='ocrx_word' id='word_1_44' title='bbox 935 660 1016 716; x_wconf 83' lang='lat' dir='ltr'><strong>ait</strong></span> <span class='ocrx_word' id='word_1_45' title='bbox 1043 659 1217 730; x_wconf 88' lang='lat' dir='ltr'><strong>idem,</strong></span> 
     </span>
    </p>

    <p class='ocr_par' dir='ltr' id='par_1_5' title="bbox 720 754 1566 817">
     <span class='ocr_line' id='line_1_8' title="bbox 720 754 1566 817; baseline -0.001 -13"><span class='ocrx_word' id='word_1_46' title='bbox 720 754 867 804; x_wconf 86' lang='lat' dir='ltr'><strong>simul</strong></span> <span class='ocrx_word' id='word_1_47' title='bbox 890 755 1088 803; x_wconf 83' lang='lat' dir='ltr'><strong>animus</strong></span> <span class='ocrx_word' id='word_1_48' title='bbox 1112 769 1230 803; x_wconf 86' lang='lat' dir='ltr'><strong>cum</strong></span> <span class='ocrx_word' id='word_1_49' title='bbox 1258 769 1311 804; x_wconf 86' lang='lat' dir='ltr'><strong>re</strong></span> <span class='ocrx_word' id='word_1_50' title='bbox 1332 755 1566 817; x_wconf 79' lang='lat' dir='ltr'>concidit,</span> 
     </span>
    </p>

    <p class='ocr_par' dir='ltr' id='par_1_6' title="bbox 277 837 1995 3330">
     <span class='ocr_line' id='line_1_9' title="bbox 292 837 1995 918; baseline -0.001 -19"><span class='ocrx_word' id='word_1_51' title='bbox 292 864 324 900; x_wconf 81' lang='lat' dir='ltr'><strong>a</strong></span> <span class='ocrx_word' id='word_1_52' title='bbox 357 840 628 918; x_wconf 85' lang='lat' dir='ltr'><strong>gravibus</strong></span> <span class='ocrx_word' id='word_1_53' title='bbox 669 840 784 898; x_wconf 89' lang='lat' dir='ltr'><strong>illis</strong></span> <span class='ocrx_word' id='word_1_54' title='bbox 826 839 1080 916; x_wconf 79' lang='lat' dir='ltr'><strong>antiquis</strong></span> <span class='ocrx_word' id='word_1_55' title='bbox 1121 837 1485 917; x_wconf 87' lang='lat' dir='ltr'><strong>philosophis</strong></span> <span class='ocrx_word' id='word_1_56' title='bbox 1524 841 1777 917; x_wconf 84' lang='lat' dir='ltr'><strong>petenda</strong></span> <span class='ocrx_word' id='word_1_57' title='bbox 1815 842 1995 899; x_wconf 90' lang='lat' dir='ltr'><strong>medi-</strong></span> 
     </span>
     <span class='ocr_line' id='line_1_10' title="bbox 292 919 1991 996; baseline -0.001 -15"><span class='ocrx_word' id='word_1_58' title='bbox 292 925 422 981; x_wconf 85' lang='lat' dir='ltr'>cina</span> <span class='ocrx_word' id='word_1_59' title='bbox 453 929 556 993; x_wconf 86' lang='lat' dir='ltr'><strong>est,</strong></span> <span class='ocrx_word' id='word_1_60' title='bbox 581 941 700 978; x_wconf 91' lang='lat' dir='ltr'><strong>non</strong></span> <span class='ocrx_word' id='word_1_61' title='bbox 729 920 801 978; x_wconf 88' lang='lat' dir='ltr'><strong>ab</strong></span> <span class='ocrx_word' id='word_1_62' title='bbox 828 920 921 977; x_wconf 86' lang='lat' dir='ltr'><strong>his</strong></span> <span class='ocrx_word' id='word_1_63' title='bbox 950 919 1303 996; x_wconf 76' lang='lat' dir='ltr'>voluptariis,</span> <span class='ocrx_word' id='word_1_64' title='bbox 1374 919 1560 988; x_wconf 81' lang='lat' dir='ltr'><strong>Quam</strong></span> <span class='ocrx_word' id='word_1_65' title='bbox 1591 921 1742 978; x_wconf 88' lang='lat' dir='ltr'><strong>enim</strong></span> <span class='ocrx_word' id='word_1_66' title='bbox 1774 921 1872 978; x_wconf 87' lang='lat' dir='ltr'><strong>isti</strong></span> <span class='ocrx_word' id='word_1_67' title='bbox 1893 920 1991 979; x_wconf 91' lang='lat' dir='ltr'><strong>bo-</strong></span> 
     </span>
     <span class='ocr_line' id='line_1_11' title="bbox 292 999 1993 1080; baseline -0.001 -20"><span class='ocrx_word' id='word_1_68' title='bbox 292 1023 500 1061; x_wconf 89' lang='lat' dir='ltr'><strong>norum</strong></span> <span class='ocrx_word' id='word_1_69' title='bbox 534 1002 762 1080; x_wconf 85' lang='lat' dir='ltr'><strong>copiam</strong></span> <span class='ocrx_word' id='word_1_70' title='bbox 797 1001 1036 1059; x_wconf 64' lang='lat' dir='ltr'><strong>dicunt?</strong></span> <span class='ocrx_word' id='word_1_71' title='bbox 1102 999 1214 1057; x_wconf 85' lang='lat' dir='ltr'><strong>Fac</strong></span> <span class='ocrx_word' id='word_1_72' title='bbox 1250 1019 1383 1057; x_wconf 89' lang='lat' dir='ltr'><strong>sane</strong></span> <span class='ocrx_word' id='word_1_73' title='bbox 1418 1020 1539 1058; x_wconf 87' lang='lat' dir='ltr'><strong>esse</strong></span> <span class='ocrx_word' id='word_1_74' title='bbox 1574 1021 1863 1059; x_wconf 88' lang='lat' dir='ltr'><strong>summum</strong></span> <span class='ocrx_word' id='word_1_75' title='bbox 1894 1001 1993 1060; x_wconf 89' lang='lat' dir='ltr'><strong>bo-</strong></span> 
     </span>
     <span class='ocr_line' id='line_1_12' title="bbox 291 1080 1992 1159; baseline -0.001 -19"><span class='ocrx_word' id='word_1_76' title='bbox 291 1103 430 1141; x_wconf 89' lang='lat' dir='ltr'><strong>num</strong></span> <span class='ocrx_word' id='word_1_77' title='bbox 466 1101 585 1140; x_wconf 89' lang='lat' dir='ltr'><strong>non</strong></span> <span class='ocrx_word' id='word_1_78' title='bbox 625 1081 818 1140; x_wconf 90' lang='lat' dir='ltr'><strong>dolere</strong></span> <span class='ocrx_word' id='word_1_79' title='bbox 838 1100 872 1139; x_wconf 92' lang='lat'><strong>:·</strong></span> <span class='ocrx_word' id='word_1_80' title='bbox 897 1099 1247 1158; x_wconf 86' lang='lat' dir='ltr'><strong>quamquam</strong></span> <span class='ocrx_word' id='word_1_81' title='bbox 1282 1080 1344 1137; x_wconf 90' lang='lat' dir='ltr'><strong>id</strong></span> <span class='ocrx_word' id='word_1_82' title='bbox 1378 1100 1495 1138; x_wconf 88' lang='lat' dir='ltr'><strong>non</strong></span> <span class='ocrx_word' id='word_1_83' title='bbox 1530 1089 1766 1139; x_wconf 89' lang='lat' dir='ltr'><strong>vocatur</strong></span> <span class='ocrx_word' id='word_1_84' title='bbox 1794 1082 1992 1159; x_wconf 90' lang='lat' dir='ltr'><strong>volup-</strong></span> 
     </span>
     <span class='ocr_line' id='line_1_13' title="bbox 289 1160 1991 1239; baseline -0.001 -17"><span class='ocrx_word' id='word_1_85' title='bbox 289 1173 395 1235; x_wconf 78' lang='lat' dir='ltr'><strong>taS,</strong></span> <span class='ocrx_word' id='word_1_86' title='bbox 428 1163 528 1221; x_wconf 86' lang='lat' dir='ltr'><strong>sed</strong></span> <span class='ocrx_word' id='word_1_87' title='bbox 561 1182 680 1220; x_wconf 90' lang='lat' dir='ltr'><strong>non</strong></span> <span class='ocrx_word' id='word_1_88' title='bbox 719 1181 948 1220; x_wconf 88' lang='lat' dir='ltr'><strong>necesse</strong></span> <span class='ocrx_word' id='word_1_89' title='bbox 982 1168 1070 1220; x_wconf 80' lang='lat' dir='ltr'><strong>est</strong></span> <span class='ocrx_word' id='word_1_90' title='bbox 1101 1180 1256 1218; x_wconf 89' lang='lat' dir='ltr'><strong>nunc</strong></span> <span class='ocrx_word' id='word_1_91' title='bbox 1292 1160 1519 1219; x_wconf 87' lang='lat' dir='ltr'><strong>omnia:</strong></span> <span class='ocrx_word' id='word_1_92' title='bbox 1568 1161 1703 1219; x_wconf 88' lang='lat' dir='ltr'><strong>idne</strong></span> <span class='ocrx_word' id='word_1_93' title='bbox 1736 1170 1841 1234; x_wconf 89' lang='lat' dir='ltr'><strong>est,</strong></span> <span class='ocrx_word' id='word_1_94' title='bbox 1872 1182 1991 1239; x_wconf 89' lang='lat' dir='ltr'><strong>qno</strong></span> 
     </span>
     <span class='ocr_line' id='line_1_14' title="bbox 288 1241 1989 1303; baseline -0.001 -1"><span class='ocrx_word' id='word_1_95' title='bbox 288 1244 540 1303; x_wconf 86' lang='lat' dir='ltr'><strong>traducti</strong></span> <span class='ocrx_word' id='word_1_96' title='bbox 570 1243 790 1300; x_wconf 90' lang='lat' dir='ltr'><strong>luctum</strong></span> <span class='ocrx_word' id='word_1_97' title='bbox 813 1243 1108 1300; x_wconf 62' lang='lat' dir='ltr'><strong>levemus?</strong></span> <span class='ocrx_word' id='word_1_98' title='bbox 1174 1241 1265 1299; x_wconf 87' lang='lat' dir='ltr'><strong>Sit</strong></span> <span class='ocrx_word' id='word_1_99' title='bbox 1288 1261 1423 1299; x_wconf 88' lang='lat' dir='ltr'><strong>sane</strong></span> <span class='ocrx_word' id='word_1_100' title='bbox 1452 1261 1741 1299; x_wconf 87' lang='lat' dir='ltr'><strong>summum</strong></span> <span class='ocrx_word' id='word_1_101' title='bbox 1772 1243 1989 1300; x_wconf 86' lang='lat' dir='ltr'><strong>malum</strong></span> 
     </span>
     <span class='ocr_line' id='line_1_15' title="bbox 289 1321 1991 1401; baseline -0.001 -19"><span class='ocrx_word' id='word_1_102' title='bbox 289 1325 515 1382; x_wconf 88' lang='lat' dir='ltr'><strong>dolere:</strong></span> <span class='ocrx_word' id='word_1_103' title='bbox 559 1324 620 1381; x_wconf 90' lang='lat' dir='ltr'><strong>in</strong></span> <span class='ocrx_word' id='word_1_104' title='bbox 649 1343 719 1381; x_wconf 85' lang='lat' dir='ltr'><strong>eo</strong></span> <span class='ocrx_word' id='word_1_105' title='bbox 746 1323 930 1401; x_wconf 83' lang='lat' dir='ltr'><strong>igitur</strong></span> <span class='ocrx_word' id='word_1_106' title='bbox 955 1323 1054 1400; x_wconf 86' lang='lat' dir='ltr'><strong>qui</strong></span> <span class='ocrx_word' id='word_1_107' title='bbox 1088 1341 1206 1380; x_wconf 90' lang='lat' dir='ltr'><strong>non</strong></span> <span class='ocrx_word' id='word_1_108' title='bbox 1236 1329 1341 1395; x_wconf 86' lang='lat' dir='ltr'><strong>est,</strong></span> <span class='ocrx_word' id='word_1_109' title='bbox 1366 1322 1414 1379; x_wconf 90' lang='lat' dir='ltr'><strong>si</strong></span> <span class='ocrx_word' id='word_1_110' title='bbox 1441 1321 1597 1379; x_wconf 88' lang='lat' dir='ltr'><strong>malo</strong></span> <span class='ocrx_word' id='word_1_111' title='bbox 1630 1329 1833 1394; x_wconf 86' lang='lat' dir='ltr'><strong>careat,</strong></span> <span class='ocrx_word' id='word_1_112' title='bbox 1859 1343 1991 1380; x_wconf 91' lang='lat' dir='ltr'><strong>con-</strong></span> 
     </span>
     <span class='ocr_line' id='line_1_16' title="bbox 287 1401 1990 1479; baseline -0.002 -16"><span class='ocrx_word' id='word_1_113' title='bbox 287 1406 530 1463; x_wconf 85' lang='lat' dir='ltr'><strong>tinuone</strong></span> <span class='ocrx_word' id='word_1_114' title='bbox 555 1404 772 1462; x_wconf 80' lang='lat' dir='ltr'><strong>fruitur</strong></span> <span class='ocrx_word' id='word_1_115' title='bbox 799 1422 1027 1461; x_wconf 89' lang='lat' dir='ltr'><strong>summo</strong></span> <span class='ocrx_word' id='word_1_116' title='bbox 1060 1403 1252 1460; x_wconf 60' lang='lat' dir='ltr'><strong>bono?</strong></span> <span class='ocrx_word' id='word_1_117' title='bbox 1332 1408 1426 1460; x_wconf 88' lang='lat'><strong>41.</strong></span> <span class='ocrx_word' id='word_1_118' title='bbox 1472 1401 1629 1471; x_wconf 83' lang='lat' dir='ltr'><strong>Quid</strong></span> <span class='ocrx_word' id='word_1_119' title='bbox 1656 1403 1990 1479; x_wconf 85' lang='lat' dir='ltr'><strong>tergiversa-</strong></span> 
     </span>
     <span class='ocr_line' id='line_1_17' title="bbox 288 1482 1991 1562; baseline -0.002 -19"><span class='ocrx_word' id='word_1_120' title='bbox 288 1506 434 1557; x_wconf 87' lang='lat' dir='ltr'><strong>mur,</strong></span> <span class='ocrx_word' id='word_1_121' title='bbox 467 1485 733 1562; x_wconf 84' lang='lat' dir='ltr'><strong>Epicure,</strong></span> <span class='ocrx_word' id='word_1_122' title='bbox 769 1503 876 1542; x_wconf 90' lang='lat' dir='ltr'><strong>nec</strong></span> <span class='ocrx_word' id='word_1_123' title='bbox 914 1483 1169 1541; x_wconf 85' lang='lat' dir='ltr'><strong>fatemur</strong></span> <span class='ocrx_word' id='word_1_124' title='bbox 1201 1503 1327 1540; x_wconf 85' lang='lat' dir='ltr'><strong>eam</strong></span> <span class='ocrx_word' id='word_1_125' title='bbox 1370 1503 1480 1540; x_wconf 91' lang='lat' dir='ltr'><strong>nos</strong></span> <span class='ocrx_word' id='word_1_126' title='bbox 1521 1483 1709 1540; x_wconf 80' lang='lat' dir='ltr'><strong>dicere</strong></span> <span class='ocrx_word' id='word_1_127' title='bbox 1732 1482 1991 1560; x_wconf 85' lang='lat' dir='ltr'><strong>volupta-</strong></span> 
     </span>
     <span class='ocr_line' id='line_1_18' title="bbox 286 1563 1990 1643; baseline -0.001 -20"><span class='ocrx_word' id='word_1_128' title='bbox 286 1574 424 1638; x_wconf 86' lang='lat' dir='ltr'><strong>tem,</strong></span> <span class='ocrx_word' id='word_1_129' title='bbox 447 1585 618 1643; x_wconf 89' lang='lat' dir='ltr'><strong>quam</strong></span> <span class='ocrx_word' id='word_1_130' title='bbox 649 1572 714 1622; x_wconf 88' lang='lat' dir='ltr'><strong>tu</strong></span> <span class='ocrx_word' id='word_1_131' title='bbox 717 1565 916 1636; x_wconf 90' lang='lat' dir='ltr'><strong>idem,</strong></span> <span class='ocrx_word' id='word_1_132' title='bbox 937 1583 1070 1621; x_wconf 89' lang='lat' dir='ltr'><strong>cum</strong></span> <span class='ocrx_word' id='word_1_133' title='bbox 1099 1584 1165 1621; x_wconf 91' lang='lat' dir='ltr'><strong>os</strong></span> <span class='ocrx_word' id='word_1_134' title='bbox 1194 1563 1563 1641; x_wconf 76' lang='lat' dir='ltr'><strong>perfricuisti,</strong></span> <span class='ocrx_word' id='word_1_135' title='bbox 1588 1563 1736 1620; x_wconf 87' lang='lat' dir='ltr'><strong>soles</strong></span> <span class='ocrx_word' id='word_1_136' title='bbox 1763 1563 1990 1622; x_wconf 62' lang='lat' dir='ltr'><strong>dicere?</strong></span> 
     </span>
     <span class='ocr_line' id='line_1_19' title="bbox 287 1641 1987 1721; baseline -0.001 -18"><span class='ocrx_word' id='word_1_137' title='bbox 287 1646 437 1704; x_wconf 89' lang='lat' dir='ltr'><strong>Sunt</strong></span> <span class='ocrx_word' id='word_1_138' title='bbox 464 1645 606 1703; x_wconf 87' lang='lat' dir='ltr'><strong>haec</strong></span> <span class='ocrx_word' id='word_1_139' title='bbox 633 1653 734 1703; x_wconf 84' lang='lat' dir='ltr'><strong>tna</strong></span> <span class='ocrx_word' id='word_1_140' title='bbox 761 1644 936 1702; x_wconf 88' lang='lat' dir='ltr'><strong>verba</strong></span> <span class='ocrx_word' id='word_1_141' title='bbox 961 1641 1175 1702; x_wconf 62' lang='lat' dir='ltr'><strong>necne?</strong></span> <span class='ocrx_word' id='word_1_142' title='bbox 1230 1644 1301 1701; x_wconf 88' lang='lat' dir='ltr'><strong>In</strong></span> <span class='ocrx_word' id='word_1_143' title='bbox 1330 1663 1399 1702; x_wconf 91' lang='lat' dir='ltr'><strong>eo</strong></span> <span class='ocrx_word' id='word_1_144' title='bbox 1430 1644 1663 1721; x_wconf 90' lang='lat' dir='ltr'><strong>quidem</strong></span> <span class='ocrx_word' id='word_1_145' title='bbox 1694 1642 1858 1715; x_wconf 79' lang='lat' dir='ltr'><strong>libre,</strong></span> <span class='ocrx_word' id='word_1_146' title='bbox 1888 1645 1987 1720; x_wconf 93' lang='lat' dir='ltr'><strong>qui</strong></span> 
     </span>
     <span class='ocr_line' id='line_1_20' title="bbox 287 1723 1986 1803; baseline -0.002 -19"><span class='ocrx_word' id='word_1_147' title='bbox 287 1727 547 1784; x_wconf 86' lang='lat' dir='ltr'><strong>continet</strong></span> <span class='ocrx_word' id='word_1_148' title='bbox 569 1745 800 1783; x_wconf 89' lang='lat' dir='ltr'><strong>omnem</strong></span> <span class='ocrx_word' id='word_1_149' title='bbox 823 1723 1189 1803; x_wconf 87' lang='lat' dir='ltr'><strong>disciplinam</strong></span> <span class='ocrx_word' id='word_1_150' title='bbox 1211 1725 1667 1803; x_wconf 80' lang='lat' dir='ltr'><strong>tuam--fungar</strong></span> <span class='ocrx_word' id='word_1_151' title='bbox 1687 1724 1841 1782; x_wconf 88' lang='lat' dir='ltr'><strong>enim</strong></span> <span class='ocrx_word' id='word_1_152' title='bbox 1872 1725 1986 1781; x_wconf 86' lang='lat' dir='ltr'><strong>iam</strong></span> 
     </span>
     <span class='ocr_line' id='line_1_21' title="bbox 287 1806 1989 1885; baseline -0.002 -19"><span class='ocrx_word' id='word_1_153' title='bbox 287 1808 618 1885; x_wconf 80' lang='lat' dir='ltr'><strong>interpretis</strong></span> <span class='ocrx_word' id='word_1_154' title='bbox 650 1826 902 1878; x_wconf 86' lang='lat' dir='ltr'><strong>munere,</strong></span> <span class='ocrx_word' id='word_1_155' title='bbox 935 1826 1008 1863; x_wconf 91' lang='lat' dir='ltr'><strong>ne</strong></span> <span class='ocrx_word' id='word_1_156' title='bbox 1046 1808 1177 1883; x_wconf 89' lang='lat' dir='ltr'><strong>quis</strong></span> <span class='ocrx_word' id='word_1_157' title='bbox 1212 1826 1307 1865; x_wconf 90' lang='lat' dir='ltr'><strong>me</strong></span> <span class='ocrx_word' id='word_1_158' title='bbox 1340 1813 1507 1883; x_wconf 88' lang='lat' dir='ltr'><strong>putet</strong></span> <span class='ocrx_word' id='word_1_159' title='bbox 1544 1806 1989 1883; x_wconf 80' lang='lat' dir='ltr'><strong>fingere—dicis</strong></span> 
     </span>
     <span class='ocr_line' id='line_1_22' title="bbox 286 1886 1985 1964; baseline -0.001 -19"><span class='ocrx_word' id='word_1_160' title='bbox 286 1888 457 1946; x_wconf 88' lang='lat' dir='ltr'><strong>haec:</strong></span> <span class='ocrx_word' id='word_1_161' title='bbox 495 1888 530 1915; x_wconf 76' lang='lat'><strong>‘⁶</strong></span> <span class='ocrx_word' id='word_1_162' title='bbox 549 1887 670 1945; x_wconf 90' lang='lat' dir='ltr'><strong>Nec</strong></span> <span class='ocrx_word' id='word_1_163' title='bbox 705 1888 972 1964; x_wconf 86' lang='lat' dir='ltr'><strong>equidem</strong></span> <span class='ocrx_word' id='word_1_164' title='bbox 1001 1886 1189 1944; x_wconf 89' lang='lat' dir='ltr'><strong>habeo</strong></span> <span class='ocrx_word' id='word_1_165' title='bbox 1216 1887 1375 1964; x_wconf 89' lang='lat' dir='ltr'><strong>quod</strong></span> <span class='ocrx_word' id='word_1_166' title='bbox 1407 1887 1737 1963; x_wconf 83' lang='lat' dir='ltr'><strong>intellegam</strong></span> <span class='ocrx_word' id='word_1_167' title='bbox 1766 1886 1985 1944; x_wconf 89' lang='lat' dir='ltr'><strong>bonum</strong></span> 
     </span>
     <span class='ocr_line' id='line_1_23' title="bbox 284 1966 1987 2045; baseline 0 -20"><span class='ocrx_word' id='word_1_168' title='bbox 284 1968 446 2040; x_wconf 91' lang='lat' dir='ltr'><strong>illud,</strong></span> <span class='ocrx_word' id='word_1_169' title='bbox 477 1967 784 2025; x_wconf 87' lang='lat' dir='ltr'><strong>detrahens</strong></span> <span class='ocrx_word' id='word_1_170' title='bbox 821 1986 915 2025; x_wconf 86' lang='lat' dir='ltr'><strong>cas</strong></span> <span class='ocrx_word' id='word_1_171' title='bbox 949 1966 1295 2044; x_wconf 77' lang='lat' dir='ltr'><strong>voluptateS,</strong></span> <span class='ocrx_word' id='word_1_172' title='bbox 1328 1986 1473 2045; x_wconf 85' lang='lat' dir='ltr'><strong>quae</strong></span> <span class='ocrx_word' id='word_1_173' title='bbox 1511 1986 1711 2044; x_wconf 84' lang='lat' dir='ltr'><strong>sapore</strong></span> <span class='ocrx_word' id='word_1_174' title='bbox 1745 1968 1987 2045; x_wconf 87' lang='lat' dir='ltr'><strong>percipi-</strong></span> 
     </span>
     <span class='ocr_line' id='line_1_24' title="bbox 285 2048 1988 2125; baseline -0.001 -19"><span class='ocrx_word' id='word_1_175' title='bbox 285 2057 475 2120; x_wconf 88' lang='lat' dir='ltr'><strong>untur,</strong></span> <span class='ocrx_word' id='word_1_176' title='bbox 501 2048 807 2105; x_wconf 83' lang='lat' dir='ltr'><strong>detrahens</strong></span> <span class='ocrx_word' id='word_1_177' title='bbox 840 2066 950 2119; x_wconf 73' lang='lat' dir='ltr'><strong>eaS,</strong></span> <span class='ocrx_word' id='word_1_178' title='bbox 981 2066 1129 2125; x_wconf 85' lang='lat' dir='ltr'><strong>quae</strong></span> <span class='ocrx_word' id='word_1_179' title='bbox 1161 2048 1365 2105; x_wconf 87' lang='lat' dir='ltr'><strong>auditu</strong></span> <span class='ocrx_word' id='word_1_180' title='bbox 1399 2055 1458 2105; x_wconf 88' lang='lat' dir='ltr'><strong>et</strong></span> <span class='ocrx_word' id='word_1_181' title='bbox 1491 2048 1770 2118; x_wconf 78' lang='lat' dir='ltr'><strong>cantib11S‚</strong></span> <span class='ocrx_word' id='word_1_182' title='bbox 1802 2048 1988 2105; x_wconf 85' lang='lat' dir='ltr'><strong>detra-</strong></span> 
     </span>
     <span class='ocr_line' id='line_1_25' title="bbox 285 2128 1995 2205; baseline 0 -20"><span class='ocrx_word' id='word_1_183' title='bbox 285 2128 429 2186; x_wconf 90' lang='lat' dir='ltr'><strong>hens</strong></span> <span class='ocrx_word' id='word_1_184' title='bbox 461 2148 556 2186; x_wconf 87' lang='lat' dir='ltr'><strong>eas</strong></span> <span class='ocrx_word' id='word_1_185' title='bbox 591 2128 784 2199; x_wconf 88' lang='lat' dir='ltr'><strong>etiam,</strong></span> <span class='ocrx_word' id='word_1_186' title='bbox 817 2147 964 2205; x_wconf 84' lang='lat' dir='ltr'><strong>quae</strong></span> <span class='ocrx_word' id='word_1_187' title='bbox 1001 2148 1070 2185; x_wconf 86' lang='lat' dir='ltr'><strong>ex</strong></span> <span class='ocrx_word' id='word_1_188' title='bbox 1107 2128 1316 2185; x_wconf 85' lang='lat' dir='ltr'><strong>formis</strong></span> <span class='ocrx_word' id='word_1_189' title='bbox 1348 2129 1746 2205; x_wconf 87' lang='lat' dir='ltr'><strong>percipiuntur</strong></span> <span class='ocrx_word' id='word_1_190' title='bbox 1783 2128 1995 2198; x_wconf 79' lang='lat' dir='ltr'><strong>oculi8,·</strong></span> 
     </span>
     <span class='ocr_line' id='line_1_26' title="bbox 286 2208 1986 2285; baseline 0 -20"><span class='ocrx_word' id='word_1_191' title='bbox 286 2228 486 2266; x_wconf 59' lang='lat' dir='ltr'><strong>suaves</strong></span> <span class='ocrx_word' id='word_1_192' title='bbox 524 2208 829 2279; x_wconf 88' lang='lat' dir='ltr'><strong>motiones,</strong></span> <span class='ocrx_word' id='word_1_193' title='bbox 868 2208 987 2265; x_wconf 85' lang='lat' dir='ltr'><strong>sive</strong></span> <span class='ocrx_word' id='word_1_194' title='bbox 1026 2228 1171 2285; x_wconf 84' lang='lat' dir='ltr'><strong>quae</strong></span> <span class='ocrx_word' id='word_1_195' title='bbox 1214 2209 1357 2265; x_wconf 85' lang='lat' dir='ltr'><strong>aliae</strong></span> <span class='ocrx_word' id='word_1_196' title='bbox 1398 2208 1724 2284; x_wconf 81' lang='lat' dir='ltr'><strong>voluptates</strong></span> <span class='ocrx_word' id='word_1_197' title='bbox 1760 2208 1819 2263; x_wconf 89' lang='lat' dir='ltr'><strong>in</strong></span> <span class='ocrx_word' id='word_1_198' title='bbox 1854 2215 1986 2265; x_wconf 83' lang='lat' dir='ltr'><strong>toto</strong></span> 
     </span>
     <span class='ocr_line' id='line_1_27' title="bbox 284 2287 1985 2366; baseline 0 -21"><span class='ocrx_word' id='word_1_199' title='bbox 284 2288 518 2346; x_wconf 89' lang='lat' dir='ltr'><strong>homine</strong></span> <span class='ocrx_word' id='word_1_200' title='bbox 546 2289 868 2365; x_wconf 85' lang='lat' dir='ltr'><strong>gignuntur</strong></span> <span class='ocrx_word' id='word_1_201' title='bbox 894 2287 1154 2366; x_wconf 80' lang='lat' dir='ltr'><strong>quolibet</strong></span> <span class='ocrx_word' id='word_1_202' title='bbox 1182 2308 1364 2345; x_wconf 63' lang='lat' dir='ltr'><strong>sensu</strong></span> <span class='ocrx_word' id='word_1_203' title='bbox 1444 2287 1565 2345; x_wconf 90' lang='lat' dir='ltr'><strong>Nec</strong></span> <span class='ocrx_word' id='word_1_204' title='bbox 1595 2306 1730 2344; x_wconf 87' lang='lat' dir='ltr'><strong>vero</strong></span> <span class='ocrx_word' id='word_1_205' title='bbox 1756 2287 1839 2345; x_wconf 87' lang='lat' dir='ltr'><strong>ita</strong></span> <span class='ocrx_word' id='word_1_206' title='bbox 1867 2288 1985 2345; x_wconf 89' lang='lat' dir='ltr'><strong>dici</strong></span> 
     </span>
     <span class='ocr_line' id='line_1_28' title="bbox 284 2366 1986 2446; baseline 0 -20"><span class='ocrx_word' id='word_1_207' title='bbox 284 2376 495 2446; x_wconf 87' lang='lat' dir='ltr'><strong>potest,</strong></span> <span class='ocrx_word' id='word_1_208' title='bbox 524 2369 738 2426; x_wconf 84' lang='lat' dir='ltr'><strong>mentis</strong></span> <span class='ocrx_word' id='word_1_209' title='bbox 770 2367 1051 2426; x_wconf 88' lang='lat' dir='ltr'><strong>laetitiam</strong></span> <span class='ocrx_word' id='word_1_210' title='bbox 1094 2370 1275 2426; x_wconf 85' lang='lat' dir='ltr'><strong>solam</strong></span> <span class='ocrx_word' id='word_1_211' title='bbox 1314 2387 1437 2426; x_wconf 88' lang='lat' dir='ltr'><strong>esse</strong></span> <span class='ocrx_word' id='word_1_212' title='bbox 1477 2368 1538 2425; x_wconf 90' lang='lat' dir='ltr'><strong>in</strong></span> <span class='ocrx_word' id='word_1_213' title='bbox 1577 2367 1761 2425; x_wconf 81' lang='lat' dir='ltr'><strong>boniS.</strong></span> <span class='ocrx_word' id='word_1_214' title='bbox 1848 2366 1986 2426; x_wconf 87' lang='lat' dir='ltr'><strong>Lae-</strong></span> 
     </span>
     <span class='ocr_line' id='line_1_29' title="bbox 283 2448 1982 2527; baseline -0.001 -21"><span class='ocrx_word' id='word_1_215' title='bbox 283 2456 506 2512; x_wconf 88' lang='lat' dir='ltr'><strong>tantem</strong></span> <span class='ocrx_word' id='word_1_216' title='bbox 527 2448 698 2511; x_wconf 73' lang='lat' dir='ltr'><strong>,enim</strong></span> <span class='ocrx_word' id='word_1_217' title='bbox 735 2456 992 2507; x_wconf 88' lang='lat' dir='ltr'><strong>mentem</strong></span> <span class='ocrx_word' id='word_1_218' title='bbox 1030 2449 1114 2506; x_wconf 90' lang='lat' dir='ltr'><strong>ita</strong></span> <span class='ocrx_word' id='word_1_219' title='bbox 1145 2449 1301 2521; x_wconf 87' lang='lat' dir='ltr'><strong>novi,</strong></span> <span class='ocrx_word' id='word_1_220' title='bbox 1331 2468 1433 2527; x_wconf 86' lang='lat' dir='ltr'><strong>spe</strong></span> <span class='ocrx_word' id='word_1_221' title='bbox 1466 2467 1664 2506; x_wconf 89' lang='lat' dir='ltr'><strong>eorum</strong></span> <span class='ocrx_word' id='word_1_222' title='bbox 1700 2448 1982 2519; x_wconf 82' lang='lat' dir='ltr'><strong>omniurn,</strong></span> 
     </span>
     <span class='ocr_line' id='line_1_30' title="bbox 285 2527 1985 2606; baseline 0.001 -21"><span class='ocrx_word' id='word_1_223' title='bbox 285 2548 430 2605; x_wconf 91' lang='lat' dir='ltr'><strong>quae</strong></span> <span class='ocrx_word' id='word_1_224' title='bbox 459 2548 631 2606; x_wconf 89' lang='lat' dir='ltr'><strong>supra</strong></span> <span class='ocrx_word' id='word_1_225' title='bbox 659 2528 797 2600; x_wconf 84' lang='lat' dir='ltr'><strong>dixi,</strong></span> <span class='ocrx_word' id='word_1_226' title='bbox 821 2530 950 2586; x_wconf 82' lang='lat' dir='ltr'><strong>fore</strong></span> <span class='ocrx_word' id='word_1_227' title='bbox 979 2536 1044 2586; x_wconf 88' lang='lat' dir='ltr'><strong>ut</strong></span> <span class='ocrx_word' id='word_1_228' title='bbox 1071 2536 1278 2587; x_wconf 82' lang='lat' dir='ltr'><strong>natura</strong></span> <span class='ocrx_word' id='word_1_229' title='bbox 1310 2529 1381 2586; x_wconf 88' lang='lat' dir='ltr'><strong>iis</strong></span> <span class='ocrx_word' id='word_1_230' title='bbox 1408 2530 1639 2606; x_wconf 80' lang='lat' dir='ltr'><strong>potiens</strong></span> <span class='ocrx_word' id='word_1_231' title='bbox 1667 2527 1865 2586; x_wconf 90' lang='lat' dir='ltr'><strong>dolore</strong></span> <span class='ocrx_word' id='word_1_232' title='bbox 1896 2548 1985 2586; x_wconf 87' lang='lat' dir='ltr'><strong>ca—</strong></span> 
     </span>
     <span class='ocr_line' id='line_1_31' title="bbox 284 2608 1983 2687; baseline 0.001 -21"><span class='ocrx_word' id='word_1_233' title='bbox 284 2609 460 2666; x_wconf 86' lang='lat' dir='ltr'><strong>reat.”</strong></span> <span class='ocrx_word' id='word_1_234' title='bbox 545 2614 638 2667; x_wconf 83' lang='lat'><strong>42.</strong></span> <span class='ocrx_word' id='word_1_235' title='bbox 673 2610 873 2687; x_wconf 85' lang='lat' dir='ltr'><strong>Atque</strong></span> <span class='ocrx_word' id='word_1_236' title='bbox 906 2608 1047 2667; x_wconf 89' lang='lat' dir='ltr'><strong>haec</strong></span> <span class='ocrx_word' id='word_1_237' title='bbox 1077 2610 1313 2687; x_wconf 89' lang='lat' dir='ltr'><strong>quidem</strong></span> <span class='ocrx_word' id='word_1_238' title='bbox 1346 2608 1437 2667; x_wconf 84' lang='lat' dir='ltr'><strong>his</strong></span> <span class='ocrx_word' id='word_1_239' title='bbox 1466 2608 1669 2677; x_wconf 79' lang='lat' dir='ltr'><strong>verbis,</strong></span> <span class='ocrx_word' id='word_1_240' title='bbox 1696 2608 1883 2685; x_wconf 85' lang='lat' dir='ltr'><strong>quivis</strong></span> <span class='ocrx_word' id='word_1_241' title='bbox 1915 2618 1983 2667; x_wconf 87' lang='lat' dir='ltr'><strong>nt</strong></span> 
     </span>
     <span class='ocr_line' id='line_1_32' title="bbox 281 2689 1981 2766; baseline 0.001 -21"><span class='ocrx_word' id='word_1_242' title='bbox 281 2689 579 2766; x_wconf 84' lang='lat' dir='ltr'><strong>intellegat</strong></span> <span class='ocrx_word' id='word_1_243' title='bbox 608 2708 781 2766; x_wconf 89' lang='lat' dir='ltr'><strong>quam</strong></span> <span class='ocrx_word' id='word_1_244' title='bbox 810 2689 1168 2766; x_wconf 82' lang='lat' dir='ltr'><strong>voluptatem</strong></span> <span class='ocrx_word' id='word_1_245' title='bbox 1199 2690 1353 2747; x_wconf 87' lang='lat' dir='ltr'><strong>norit</strong></span> <span class='ocrx_word' id='word_1_246' title='bbox 1375 2690 1673 2766; x_wconf 78' lang='lat' dir='ltr'><strong>Epicurus,</strong></span> <span class='ocrx_word' id='word_1_247' title='bbox 1750 2689 1981 2747; x_wconf 85' lang='lat' dir='ltr'><strong>Deinde</strong></span> 
     </span>
     <span class='ocr_line' id='line_1_33' title="bbox 281 2768 1983 2847; baseline -0.001 -21"><span class='ocrx_word' id='word_1_248' title='bbox 281 2768 476 2846; x_wconf 89' lang='lat' dir='ltr'><strong>paullo</strong></span> <span class='ocrx_word' id='word_1_249' title='bbox 497 2770 684 2827; x_wconf 85' lang='lat' dir='ltr'><strong>infra:</strong></span> <span class='ocrx_word' id='word_1_250' title='bbox 709 2770 744 2797; x_wconf 87' lang='lat'>“</span> <span class='ocrx_word' id='word_1_251' title='bbox 759 2769 943 2847; x_wconf 87' lang='lat' dir='ltr'><strong>Saepe</strong></span> <span class='ocrx_word' id='word_1_252' title='bbox 965 2770 1264 2847; x_wconf 83' lang='lat' dir='ltr'><strong>quaesivi&#39;&#39;</strong></span> <span class='ocrx_word' id='word_1_253' title='bbox 1294 2770 1486 2847; x_wconf 87' lang='lat' dir='ltr'><strong>inquit</strong></span> <span class='ocrx_word' id='word_1_254' title='bbox 1511 2771 1545 2796; x_wconf 86' lang='lat'><strong>“</strong></span> <span class='ocrx_word' id='word_1_255' title='bbox 1565 2790 1631 2826; x_wconf 89' lang='lat' dir='ltr'><strong>cx</strong></span> <span class='ocrx_word' id='word_1_256' title='bbox 1657 2770 1741 2837; x_wconf 84' lang='lat' dir='ltr'><strong>iis,</strong></span> <span class='ocrx_word' id='word_1_257' title='bbox 1764 2770 1863 2847; x_wconf 86' lang='lat' dir='ltr'><strong>qui</strong></span> <span class='ocrx_word' id='word_1_258' title='bbox 1886 2790 1983 2847; x_wconf 84' lang='lat' dir='ltr'><strong>ap-</strong></span> 
     </span>
     <span class='ocr_line' id='line_1_34' title="bbox 280 2849 1983 2927; baseline 0 -22"><span class='ocrx_word' id='word_1_259' title='bbox 280 2849 642 2927; x_wconf 85' lang='lat' dir='ltr'><strong>pellabantur</strong></span> <span class='ocrx_word' id='word_1_260' title='bbox 684 2850 989 2927; x_wconf 74' lang='lat' dir='ltr'><strong>sapientcS,</strong></span> <span class='ocrx_word' id='word_1_261' title='bbox 1023 2850 1165 2927; x_wconf 89' lang='lat' dir='ltr'><strong>quid</strong></span> <span class='ocrx_word' id='word_1_262' title='bbox 1206 2850 1485 2907; x_wconf 85' lang='lat' dir='ltr'><strong>haberent</strong></span> <span class='ocrx_word' id='word_1_263' title='bbox 1519 2850 1675 2927; x_wconf 87' lang='lat' dir='ltr'><strong>quod</strong></span> <span class='ocrx_word' id='word_1_264' title='bbox 1712 2852 1768 2905; x_wconf 92' lang='lat' dir='ltr'><strong>in</strong></span> <span class='ocrx_word' id='word_1_265' title='bbox 1812 2850 1983 2906; x_wconf 84' lang='lat' dir='ltr'><strong>bonis</strong></span> 
     </span>
     <span class='ocr_line' id='line_1_35' title="bbox 279 2929 1981 3007; baseline -0.001 -21"><span class='ocrx_word' id='word_1_266' title='bbox 279 2930 684 3007; x_wconf 89' lang='lat' dir='ltr'><strong>relinquerent,</strong></span> <span class='ocrx_word' id='word_1_267' title='bbox 705 2931 754 2989; x_wconf 87' lang='lat' dir='ltr'><strong>si</strong></span> <span class='ocrx_word' id='word_1_268' title='bbox 788 2930 886 2987; x_wconf 91' lang='lat' dir='ltr'><strong>illa</strong></span> <span class='ocrx_word' id='word_1_269' title='bbox 917 2930 1315 3000; x_wconf 83' lang='lat' dir='ltr'><strong>detraxissent,</strong></span> <span class='ocrx_word' id='word_1_270' title='bbox 1346 2930 1459 2987; x_wconf 87' lang='lat' dir='ltr'><strong>nisi</strong></span> <span class='ocrx_word' id='word_1_271' title='bbox 1493 2930 1540 2986; x_wconf 86' lang='lat' dir='ltr'><strong>si</strong></span> <span class='ocrx_word' id='word_1_272' title='bbox 1571 2929 1781 2988; x_wconf 88' lang='lat' dir='ltr'><strong>vellent</strong></span> <span class='ocrx_word' id='word_1_273' title='bbox 1810 2949 1981 2986; x_wconf 83' lang='lat' dir='ltr'><strong>voces</strong></span> 
     </span>
     <span class='ocr_line' id='line_1_36' title="bbox 278 3009 1979 3087; baseline -0.001 -20"><span class='ocrx_word' id='word_1_274' title='bbox 278 3010 482 3067; x_wconf 87' lang='lat' dir='ltr'><strong>inanes</strong></span> <span class='ocrx_word' id='word_1_275' title='bbox 508 3010 787 3069; x_wconf 85' lang='lat' dir='ltr'><strong>fundere·</strong></span> <span class='ocrx_word' id='word_1_276' title='bbox 822 3010 967 3067; x_wconf 89' lang='lat' dir='ltr'><strong>nihil</strong></span> <span class='ocrx_word' id='word_1_277' title='bbox 995 3010 1106 3067; x_wconf 90' lang='lat' dir='ltr'><strong>ab</strong></span> <span class='ocrx_word' id='word_1_278' title='bbox 1091 3011 1163 3067; x_wconf 85' lang='lat' dir='ltr'><strong>lis</strong></span> <span class='ocrx_word' id='word_1_279' title='bbox 1190 3012 1356 3087; x_wconf 84' lang='lat' dir='ltr'><strong>pot-ui</strong></span> <span class='ocrx_word' id='word_1_280' title='bbox 1386 3027 1762 3086; x_wconf 84' lang='lat' dir='ltr'><strong>cognoscere:</strong></span> <span class='ocrx_word' id='word_1_281' title='bbox 1800 3009 1900 3085; x_wconf 91' lang='lat' dir='ltr'><strong>qui</strong></span> <span class='ocrx_word' id='word_1_282' title='bbox 1930 3010 1979 3065; x_wconf 92' lang='lat' dir='ltr'><strong>si</strong></span> 
     </span>
     <span class='ocr_line' id='line_1_37' title="bbox 281 3088 1977 3167; baseline -0.002 -21"><span class='ocrx_word' id='word_1_283' title='bbox 281 3090 524 3148; x_wconf 84' lang='lat' dir='ltr'><strong>virtutes</strong></span> <span class='ocrx_word' id='word_1_284' title='bbox 559 3090 796 3148; x_wconf 85' lang='lat' dir='ltr'><strong>ebullire</strong></span> <span class='ocrx_word' id='word_1_285' title='bbox 825 3091 1021 3148; x_wconf 87' lang='lat' dir='ltr'><strong>volent</strong></span> <span class='ocrx_word' id='word_1_286' title='bbox 1055 3098 1115 3148; x_wconf 89' lang='lat' dir='ltr'><strong>et</strong></span> <span class='ocrx_word' id='word_1_287' title='bbox 1159 3090 1487 3167; x_wconf 76' lang='lat' dir='ltr'><strong>sapientiaS,</strong></span> <span class='ocrx_word' id='word_1_288' title='bbox 1519 3089 1665 3146; x_wconf 88' lang='lat' dir='ltr'><strong>nihil</strong></span> <span class='ocrx_word' id='word_1_289' title='bbox 1700 3088 1858 3145; x_wconf 88' lang='lat' dir='ltr'><strong>aliud</strong></span> <span class='ocrx_word' id='word_1_290' title='bbox 1893 3088 1977 3144; x_wconf 89' lang='lat' dir='ltr'><strong>di-</strong></span> 
     </span>
     <span class='ocr_line' id='line_1_38' title="bbox 281 3164 1973 3247; baseline -0.003 -20"><span class='ocrx_word' id='word_1_291' title='bbox 281 3164 414 3228; x_wconf 74' lang='lat' dir='ltr'><strong>cent</strong></span> <span class='ocrx_word' id='word_1_292' title='bbox 457 3172 569 3229; x_wconf 89' lang='lat' dir='ltr'><strong>nisi</strong></span> <span class='ocrx_word' id='word_1_293' title='bbox 603 3190 727 3228; x_wconf 81' lang='lat' dir='ltr'><strong>eam</strong></span> <span class='ocrx_word' id='word_1_294' title='bbox 765 3171 937 3241; x_wconf 83' lang='lat' dir='ltr'><strong>viam,</strong></span> <span class='ocrx_word' id='word_1_295' title='bbox 973 3190 1089 3247; x_wconf 87' lang='lat' dir='ltr'><strong>qua</strong></span> <span class='ocrx_word' id='word_1_296' title='bbox 1129 3170 1449 3227; x_wconf 82' lang='lat' dir='ltr'><strong>efficiantur</strong></span> <span class='ocrx_word' id='word_1_297' title='bbox 1490 3188 1588 3227; x_wconf 84' lang='lat' dir='ltr'><strong>eae</strong></span> <span class='ocrx_word' id='word_1_298' title='bbox 1631 3168 1973 3243; x_wconf 82' lang='lat' dir='ltr'><strong>voluptates,</strong></span> 
     </span>
     <span class='ocr_line' id='line_1_39' title="bbox 277 3247 1977 3330; baseline -0.003 -22"><span class='ocrx_word' id='word_1_299' title='bbox 277 3270 426 3328; x_wconf 84' lang='lat' dir='ltr'><strong>quas</strong></span> <span class='ocrx_word' id='word_1_300' title='bbox 455 3270 628 3330; x_wconf 78' lang='lat' dir='ltr'><strong>supla</strong></span> <span class='ocrx_word' id='word_1_301' title='bbox 656 3251 795 3309; x_wconf 83' lang='lat' dir='ltr'><strong>dixi.</strong></span> <span class='ocrx_word' id='word_1_302' title='bbox 800 3251 832 3277; x_wconf 88' lang='lat'><strong>’&#39;</strong></span> <span class='ocrx_word' id='word_1_303' title='bbox 906 3250 1064 3321; x_wconf 81' lang='lat' dir='ltr'><strong>Quae</strong></span> <span class='ocrx_word' id='word_1_304' title='bbox 1088 3256 1407 3329; x_wconf 82' lang='lat' dir='ltr'><strong>sequuntur</strong></span> <span class='ocrx_word' id='word_1_305' title='bbox 1434 3249 1494 3307; x_wconf 92' lang='lat' dir='ltr'><strong>in</strong></span> <span class='ocrx_word' id='word_1_306' title='bbox 1524 3247 1729 3310; x_wconf 84' lang='lat' dir='ltr'><strong>eadem</strong></span> <span class='ocrx_word' id='word_1_307' title='bbox 1759 3253 1977 3304; x_wconf 68' lang='lat' dir='ltr'><strong>senten·</strong></span> 
     </span>
    </p>
   </div>
  </div>
 </body>
</html>
