2235 3581
744 177 883 227 LIB.
923 177 1049 239 111„
1082 177 1240 228 CAP.
1275 179 1559 228 §HL-XV.
1940 185 2005 232 91

311 277 651 337 laudantur:
694 279 831 337 lieet
859 281 1032 352 enim,
1059 286 1125 338 ut
1159 299 1326 358 saepe
1356 282 1619 354 facimus,
1646 283 1707 340 in
1736 283 2005 342 Latinum

311 359 410 417 illa
436 366 799 417 convertere:

474 499 608 546 Nam
630 499 714 561 qui
738 499 862 547 haec
885 499 1060 547 audita
1082 515 1113 548 a
1138 500 1285 548 docto
1312 500 1649 550 meminissem
1667 502 1786 562 rir0,

472 565 690 612 Futuras
715 579 914 612 mecum
939 567 1317 614 commentabar
1340 565 1580 626 miserias,

475 631 582 678 Aut
605 639 820 677 mortem
844 631 1074 678 acerbam
1099 641 1187 679 aut
1209 631 1355 678 exsili
1378 638 1621 680 maestam
1644 632 1833 694 fugam,

475 697 585 743 Aut
610 709 807 758 semper
828 694 1052 757 aliquam
1075 696 1259 744 molem
1282 695 1561 745 meditabar
1582 699 1732 746 mali:

476 761 565 822 Ut,
591 761 632 808 si
651 776 752 823 qua
773 761 972 809 invecta
994 760 1169 810 diritas
1192 777 1309 810 casu
1332 761 1473 824 soret,

475 827 553 875 Ne
576 841 658 874 me
681 827 983 888 imparatum
1007 842 1128 875 cura
1150 827 1391 876 laceraret
1414 843 1604 891 repens.

310 965 403 1016 30.
443 959 615 1028 Quod
643 966 836 1017 autem
861 957 1116 1017 Theseus
1146 981 1181 1018 a
1208 961 1382 1020 docto
1414 981 1472 1019 se
1502 962 1727 1020 audisse
1758 962 1915 1034 dicit,
1941 964 2003 1021 id

305 1039 380 1096 de
409 1059 468 1097 se
497 1039 624 1116 ipso
655 1039 915 1116 loquitur
941 1040 1264 1116 Euripides.
1352 1041 1559 1099 Fuerat
1588 1043 1744 1100 enim
1772 1043 2003 1102 audit-or

306 1119 702 1197 Anaxagorae,
723 1139 895 1197 quem
912 1122 1112 1178 ferunt
1133 1122 1405 1178 nunciata
1425 1130 1612 1180 morte
1632 1122 1735 1180 filii
1758 1122 1999 1181 dixisse:

308 1200 343 1226 “
365 1199 628 1258 Sciebam
659 1220 751 1257 me
771 1201 1036 1278 genuisse
1067 1201 1426 1259 mortalem.”
1504 1201 1663 1270 Quae
1688 1223 1799 1261 vox
1819 1203 2002 1262 decla-

307 1287 397 1337 rat
424 1281 495 1338 iis
524 1300 646 1338 esse
678 1279 818 1338 haec
852 1280 1054 1340 acerba
1083 1281 1291 1359 quibus
1324 1301 1442 1339 non
1477 1281 1696 1340 fuerint
1730 1284 1996 1360 cogitata.

304 1359 459 1437 Ergo
489 1361 550 1418 id
579 1361 812 1437 quidem
841 1381 960 1420 non
991 1361 1249 1432 dubium,
1273 1362 1411 1439 quin
1441 1362 1652 1433 omnia,
1676 1381 1819 1439 quae
1848 1363 2001 1421 mala

305 1449 599 1519 putentur,
621 1442 736 1498 sint
755 1442 1067 1519 improvisa
1086 1442 1364 1519 graviora.
1427 1441 1630 1518 Itaque
1651 1461 1998 1520 quamquam

307 1541 426 1580 non
458 1521 597 1578 haec
632 1541 746 1578 una
779 1521 1075 1580 res'efficit
1108 1523 1420 1579 maximam
1456 1521 1893 1600 aegritudinem,
1919 1529 1999 1580 ta-

303 1620 453 1672 men,
477 1602 750 1679 quoniam
779 1601 1028 1660 multum
1051 1610 1244 1680 potest
1269 1602 1521 1678 provisio
1550 1601 1731 1659 animi
1761 1609 1819 1660 et
1842 1621 1999 1680 prae-

289 1682 531 1758 paratio
565 1682 638 1738 ad
673 1682 1051 1740 minuendum
1088 1682 1367 1753 dolorem,
1393 1682 1509 1740 sint
1544 1701 1770 1759 semper
1804 1683 1999 1740 omnia

303 1757 810 1820 homini'humana
837 1762 1131 1821 meditata.
1217 1762 1293 1821 Et
1316 1763 1589 1821 nimirum
1617 1762 1757 1821 haec
1787 1769 1873 1821 est
1902 1762 1999 1821 illa

303 1850 600 1920 praestans
630 1850 688 1900 et
717 1843 914 1901 divina
947 1844 1230 1920 sapientia
1264 1851 1320 1901 et
1356 1851 1652 1921 perceptas
1679 1843 1910 1921 penitus
1940 1852 1999 1901 et

301 1930 677 1999 pertractatas
705 1943 795 1981 res
822 1922 1104 1981 humanas
1133 1922 1355 1995 habere,
1378 1924 1523 1981 nihil
1552 1924 1837 1996 admirari,
1864 1944 1996 1981 cum

302 2004 590 2075 acciderit,
617 2002 780 2075 nihil,
803 2012 936 2061 ante
956 2024 1128 2081 quam
1152 2005 1419 2075 evenerit,
1441 2024 1558 2061 non
1582 2005 1806 2061 evenire
1827 2024 1996 2081 posse

301 2084 582 2141 arbitrari.

303 2210 469 2271 Quam
497 2213 560 2259 ob
589 2226 696 2260 rem
725 2226 916 2273 omneS,
940 2226 1055 2261 cum
1083 2212 1331 2261 secundae
1360 2228 1437 2261 res
1466 2220 1581 2260 sunt
1608 2226 1862 2273 maxume,
1888 2220 1994 2261 tum

499 2293 740 2325 maxume

300 2342 542 2391 Meditari
571 2358 744 2392 secum
775 2351 974 2405 oportet
1001 2357 1101 2407 quo
1129 2352 1275 2406 pacto
1309 2343 1573 2391 ads-orsam
1606 2357 1895 2391 aerumnam
1925 2344 1995 2391 fe-

500 2420 642 2456 rant:

299 2464 516 2533 Pei-iola,
543 2474 745 2533 damna,
770 2488 974 2536 peregre
997 2472 1193 2522 rediens
1218 2488 1411 2535 semper
1434 2488 1600 2522 secum
1626 2474 1827 2535 cogitet,

299 2540 411 2587 Aut
434 2538 507 2586 fili
531 2549 792 2600 peccatum
815 2550 902 2587 aut
927 2540 1096 2587 uxoris
1122 2551 1334 2587 mortem
1358 2547 1447 2587 aut
1470 2539 1696 2587 morbum
1722 2539 1881 2587 filiae:

299 2605 603 2653 Communia
619 2620 727 2653 esse
751 2606 891 2665 haec,
913 2620 976 2653 ne
995 2605 1114 2667 quid
1140 2605 1322 2654 horum
1344 2620 1584 2667 umquam
1608 2604 1803 2653 accidat
1826 2605 1993 2653 animo

499 2685 714 2719 novum:

300 2735 562 2798 Quidquid
584 2747 780 2797 praeter
803 2750 940 2799 spem
965 2736 1178 2797 eveniat,
1199 2750 1347 2784 omne
1370 2735 1423 2783 id
1450 2734 1689 2799 deputare
1714 2750 1821 2784 esse
1843 2736 1891 2783 in
1917 2735 1993 2784 lu-

497 2816 598 2849 cro,

381 2928 516 2987 XV.
590 2936 682 2987 31.
720 2930 876 3007 Ergo
899 2930 1010 2987 hoc
1032 2930 1335 2988 Terentius
1357 2950 1391 2987 a
1410 2930 1781 3008 philosophia
1803 2950 1993 3006 sump-

297 3017 426 3066 tum
461 3028 594 3067 cum
628 3017 746 3067 tam
784 3011 1088 3068 commode
1124 3011 1351 3082 dixerit,
1376 3030 1499 3081 nOS,
1526 3030 1555 3067 e
1587 3029 1829 3088 quorum
1865 3010 1994 3066 fon-

295 3088 454 3147 tibus
488 3090 549 3148 id
584 3090 856 3148 haustum
891 3098 993 3161 cst,
1026 3110 1143 3147 non
1180 3098 1238 3148 et
1266 3091 1524 3147 dicemus
1558 3089 1667 3146 hoc
1700 3087 1905 3145 melius
1934 3096 1991 3145 et

296 3170 658 3228 constantius
677 3171 1028 3229 sentiemus?
1099 3171 1215 3228 Hic
1238 3177 1325 3227 est
1346 3170 1499 3227 enim
1525 3168 1619 3225 ille
1636 3167 1827 3224 vultus
1848 3186 1992 3223 sem-

295 3244 400 3329 per
435 3251 608 3322 idem,
635 3270 805 3329 quem
842 3250 1054 3308 dicitur
1088 3250 1427 3327 Xanthippe
1461 3246 1787 3325 praedicare
1822 3246 1990 3305 solita
