2235 3581
217 161 282 206 40
439 157 1032 209 TUSCULANARUM
1075 157 1407 209 DISPU'IA'
1409 155 1681 209 PIONUM

217 257 433 314 nullam
479 259 792 350 attingere·
857 277 958 316 cur
1005 259 1067 316 in
1107 259 1227 316 vita
1271 261 1468 317 secus?
1542 258 1910 337 Quamquam

215 357 332 394 non
375 337 523 396 male
565 338 647 396 ait
675 338 1062 397 Callimachus
1103 339 1289 396 multo
1322 339 1547 414 saepius
1583 340 1911 398 lacrimasse

217 417 532 474 Priamum
575 438 750 492 quam
793 419 1076 477 Troilum.
1162 419 1381 477 Eorum
1424 426 1635 490 autem,
1674 421 1771 497 qui
1814 439 1911 477 ex-

217 504 344 554 acta
379 505 564 556 aetate
597 500 940 570 moriuntur,
977 499 1216 557 fortuna
1255 499 1534 557 laudatur.
1623 505 1714 557 94.
1754 499 1931 558 Curi·

216 596 368 649 nam,
399 597 542 651 reor,
574 578 764 651 nulliS,
797 581 844 637 si
875 581 994 637 vita
1025 579 1257 656 longior
1285 579 1531 650 daretur,
1562 587 1757 656 posset
1784 599 1909 637 esse

216 657 536 716 iucundior.
622 659 785 717 Nihil
815 661 969 718 enim
999 667 1086 717 est
1114 660 1380 736 profecto
1408 659 1634 717 homini
1662 659 1911 738 pruden-

215 738 300 795 tia
336 739 575 811 dulciuS,
603 759 792 817 quam,
818 747 883 797 ut
917 746 1103 797 cetera
1142 739 1381 811 auferat,
1413 739 1604 796 adfert
1636 747 1787 797 certe
1825 759 1911 796 se-

215 825 432 876 nectus.
503 819 662 888 Quae
691 839 827 876 vero
861 826 1016 877 aetas
1048 819 1225 896 longa
1252 826 1339 878 est
1367 826 1468 877 aut
1498 819 1638 896 quid
1668 820 1907 877 omnino

216 897 441 955 homini
469 898 742 976 longum.
727 901 747 942 2
829 899 1038 957 Nonne

216 1029 366 1078 modo
384 1043 578 1106 pueros,
600 1030 751 1079 modo
774 1030 1129 1093 adolescenteS,
1150 1030 1203 1078 in
1227 1039 1602 1094 cursu,ate1go
1621 1030 1899 1096 insequenS,

215 1108 308 1143 nec
331 1095 589 1158 opinantes
613 1104 840 1144 assecuta
859 1104 936 1144 est

219 1223 516 1280 senectus?
598 1221 714 1280 Sed
749 1222 882 1299 quia
923 1221 1072 1280 ultra
1112 1222 1258 1280 nihil
1300 1221 1595 1294 habemus,
1632 1222 1743 1284 hoc
1784 1222 1909 1280 lon-

217 1321 358 1378 gum
395 1302 655 1360 dicimus,
733 1302 946 1360 Omnia
987 1303 1113 1374 ista,
1146 1303 1385 1379 perinde
1425 1309 1493 1361 ut
1534 1303 1740 1380 cuique
1774 1303 1909 1360 data

220 1388 364 1439 suntv
389 1401 494 1459 pro
527 1389 652 1440 rata
683 1389 863 1460 parte,
899 1383 982 1440 ita
1014 1390 1114 1440 aut
1148 1382 1323 1475 longa
1355 1389 1457 1440 aut
1486 1382 1684 1440 brevia
1710 1383 1911 1440 dicun-

217 1470 328 1520 tur.
409 1463 586 1539 Apud
615 1463 715 1540 Hy
719 1463 916 1540 panim
938 1462 1197 1534 fluvium,
1224 1463 1323 1555 qui
1352 1463 1423 1520 ab
1453 1462 1717 1540 Europae
1744 1470 1907 1540 parte

218 1543 279 1599 in
315 1542 570 1600 Pontum
607 1542 814 1615 influit,
839 1542 1182 1604 Aristoteles
1216 1544 1298 1600 ait
1329 1542 1600 1600 bestiolas
1632 1542 1905 1620 quasdam

219 1624 392 1695 nasci,
433 1643 576 1700 quae
609 1641 791 1680 unum
825 1623 980 1680 diem
1009 1623 1221 1681 vivant.
1306 1622 1395 1679 Ex
1428 1622 1521 1679 his
1554 1623 1735 1700 igitur
1767 1622 1909 1679 hora

220 1710 422 1760 octava
449 1722 594 1781 quae
622 1709 851 1760 mortua
883 1710 987 1774 est,
1017 1710 1290 1781 provecta
1316 1709 1501 1760 aetate
1528 1710 1758 1760 mortua
1784 1709 1904 1760 est:

221 1804 364 1861 quae
383 1804 518 1841 vero
542 1783 838 1841 occidente
861 1782 994 1855 sole,
1020 1782 1327 1861 decrepita,
1348 1803 1418 1841 eo
1439 1783 1641 1861 magis,
1663 1783 1710 1840 si
1734 1783 1907 1841 etiam

220 1864 508 1921 solstitiali
537 1864 647 1921 die.
726 1862 944 1921 Confer
963 1870 1220 1921 nostram
1242 1863 1639 1941 longissimam
1660 1869 1906 1921 aetatem

221 1963 351 2001 cum
375 1944 728 2015 aeternitate,
749 1944 810 2000 in
829 1944 1028 2002 eadem
1050 1944 1474 2021 propemodum
1496 1943 1773 2001 brevitate
1798 1962 1909 2021 qua

219 2024 348 2081 illae
375 2023 652 2081 bestiolae
681 2024 1040 2100 reperiemur.

300 2104 424 2162 XL.
511 2109 604 2162 95.
643 2103 1098 2161 Contemnamus
1130 2104 1311 2181 igitur
1344 2122 1544 2161 omnes
1581 2104 1909 2181 ineptias-—

222 2185 381 2261 quod
414 2184 568 2241 enim
603 2184 785 2242 levius
817 2184 951 2242 hnic
986 2184 1206 2241 levitati
1248 2203 1461 2242 nomen
1494 2184 1791 2261 imponam
1807 2184 1909 2241 2-

220 2271 519 2342 totamque
567 2265 685 2322 vim
743 2264 890 2323 bene
932 2264 1163 2321 vivendi
1217 2264 1278 2321 in
1342 2264 1520 2321 animi
1584 2264 1789 2321 robore
1842 2282 1907 2320 ac

219 2345 621 2422 magnitudine
651 2352 709 2403 et
740 2346 802 2403 in
839 2345 1095 2402 omnium
1132 2364 1322 2401 rerum
1366 2343 1748 2401 humanarum
1778 2362 1910 2401 con-

221 2426 542 2503 temptione
585 2445 649 2482 ac
693 2424 1074 2502 despicientia
1107 2430 1167 2481 et
1198 2424 1259 2480 in
1295 2424 1456 2481 omni
1489 2424 1701 2481 virtute
1736 2442 1909 2500 pona-

220 2524 364 2562 muS.
451 2505 602 2561 Nam
630 2524 782 2562 nunc
813 2504 1048 2582 quidem
1079 2504 1529 2581 cogitationibus
1556 2502 1909 2560 mollissimis

221 2585 637 2654 effemimmur,
670 2592 752 2655 ut,
784 2585 832 2641 si
865 2591 998 2642 ante
1031 2604 1188 2641 mors
1222 2585 1508 2655 adventet,
1542 2602 1714 2660 quam
1743 2582 1910 2640 Chal-

221 2665 495 2721 daeorum
532 2665 815 2741 promissa
847 2665 1138 2723 consecuti
1174 2684 1386 2736 summ,
1419 2663 1648 2741 spoliati
1682 2662 1910 2739 magnis

224 2744 565 2820 quibusdam
600 2744 784 2815 bonis,
815 2744 968 2802 illusi
1003 2744 1380 2822 destitutique
1414 2744 1723 2801 videamur.
1808 2746 1905 2799 96.

223 2823 396 2891 Quod
438 2824 485 2880 si
519 2825 904 2917 exspectando
939 2831 998 2882 et
1030 2825 1407 2885 desiderando
1446 2824 1762 2901 pendemus
1794 2821 1911 2878 ani-

177 2904 184 2910 “
223 2904 349 2974 miS,
383 2904 716 2975 cruciamur,
749 2905 1027 2981 angimur,
1061 2924 1167 2982 pro
1207 2906 1268 2962 di
1305 2903 1691 2962 immortales!
1736 2919 1907 2979 quam

223 2983 367 3041 illud
399 2980 515 3041 iter
557 2984 870 3041 iucundum
919 3004 1038 3041 esse
1081 2984 1269 3055 debet,
1302 3002 1416 3060 quo
1452 2982 1719 3040 confecto
1755 2980 1911 3038 nulla

221 3065 442 3142 reliqua
469 3084 618 3136 cura,
650 3064 807 3121 nulla
835 3064 1162 3121 sollicitudo
1190 3028 1389 3121 fu’tura
1414 3063 1522 3121 sitl
1600 3062 1786 3131 Quam
1814 3078 1909 3116 me

223 3144 470 3203 delectat
504 3144 904 3217 TherameneS,
935 3164 1107 3222 quam
1150 3143 1301 3203 elato
1342 3143 1538 3205 animo
1580 3143 1699 3201 est!
1782 3138 1911 3199 Etsi

223 3224 378 3283 enim
413 3224 634 3297 flemuS,
666 3246 796 3287 cum
829 3225 1092 3304 legimus,
1130 3232 1322 3285 tamen
1357 3244 1475 3281 non
1507 3220 1913 3282 miserabiliter
