2235 3581
507 189 554 198 ·’
599 189 605 194 “
656 179 794 228 LIB.
837 179 957 241 IV.‚
991 180 1148 229 CAP.
1185 181 1631 230 XXIV.-XXVI.
1733 183 1739 188 ’
1897 186 1991 234 135

298 283 472 342 Dixit
503 285 658 342 enim
693 284 765 342 de
797 285 1158 342 adolescente
1191 285 1419 362 perdito
1454 305 1521 343 ac
1554 285 1852 358 dissolute,
1882 307 1993 345 nos

299 371 494 423 autem
531 365 603 422 de
637 366 924 422 constanti
952 365 1076 422 viro
1110 385 1177 422 ac
1210 366 1454 443 sapienti
1485 367 1825 443 quaerimus.
1912 368 1989 425 Et

301 444 538 522 quidem
565 446 752 523 ipsam
781 445 937 502 illam
971 446 1116 502 iram
1152 447 1411 503 centurio
1444 446 1653 504 habeat
1687 455 1787 504 aut
1816 448 1990 524 signi-

297 526 393 582 fer
419 525 506 583 vel
537 527 726 597 ceteri,
752 526 824 583 de
854 525 1063 602 quibus
1089 526 1205 583 diei
1234 545 1350 583 non
1380 546 1609 584 necesse
1636 535 1739 598 est,
1764 548 1835 585 ne
1864 529 1989 586 rhe-

298 611 493 662 torum
523 605 845 681 aperiamus
873 606 1161 682 mysteria.
1236 605 1397 664 Utile
1420 614 1507 664 est
1528 608 1681 664 enim
1707 608 1793 665 uti
1819 619 1986 666 motu

299 685 496 757 animi,
524 686 624 762 qui
650 686 738 742 uti
771 686 993 742 ratione
1027 705 1143 743 non
1180 693 1389 763 potest,
1414 707 1520 744 nos
1548 695 1759 760 autem,
1784 695 1849 746 ut
1877 695 1987 746 tes-

300 764 492 822 tificor
520 785 705 842 saepe,
730 765 801 823 de
831 766 1087 843 sapiente
1117 767 1457 843 quaerimus,

380 845 611 903 XXVI.
699 851 792 904 56.
827 846 913 902 At
945 846 1121 903 etiam
1154 847 1425 904 aemulari
1459 847 1599 904 utile
1633 855 1735 918 est,
1768 847 1988 906 obtrec-

299 933 439 996 tare,
481 925 750 985 misereri.
831 925 950 983 Cur
1003 927 1302 984 misereare
1356 927 1555 1003 potius
1603 948 1773 1005 quam
1830 929 1986 986 feras

301 1025 490 1082 opem,
522 1006 570 1063 si
604 1006 665 1063 id
697 1007 886 1064 faeere
919 1006 1137 1083 possis?
1178 1025 1250 1063 an
1285 1007 1405 1064 sine
1435 1009 1824 1065 misericordia
1850 1009 1986 1066 libe-

299 1085 444 1144 rales
477 1105 597 1143 esse
630 1105 749 1143 non
777 1088 1125 1163 possumus?
1206 1087 1339 1143 Non
1376 1089 1527 1144 enim
1559 1089 1842 1165 suscipere
1871 1089 1983 1166 ipsi
2066 1124 2075 1130 -

301 1167 690 1242 aegritudines
718 1173 956 1244 propter
981 1166 1126 1223 alios
1153 1166 1443 1238 debemuS,
1469 1168 1569 1224 sed
1596 1169 1754 1238 alios,
1781 1170 1828 1226 si
1856 1189 1986 1245 pos-

301 1266 516 1316 sumus,
539 1246 724 1305 levare
747 1247 1121 1323 aegritudine.
1185 1246 1519 1305 Obtrectare
1543 1267 1677 1304 vero
1699 1249 1859 1306 alteri
1884 1255 1985 1306 aut

299 1326 398 1383 illa
419 1327 627 1404 vitiosa
653 1327 1053 1398 aemulatione,
1080 1347 1224 1404 quae
1246 1327 1515 1384 rivalitati
1544 1327 1747 1384 similis
1775 1336 1876 1399 est,
1898 1349 1986 1385 ae

299 1407 506 1466 mulari
529 1408 670 1484 quid
698 1407 874 1465 habet
905 1407 1191 1478 utilitatis,
1216 1427 1348 1465 eum
1378 1408 1453 1464 sit
1480 1407 1821 1464 aemulantis
1850 1409 1984 1484 angi

300 1487 490 1544 alieno
520 1487 695 1558 bone,
721 1488 878 1564 quod
908 1488 1034 1564 ipse
1075 1507 1192 1544 non
1230 1487 1456 1558 habeat,
1489 1487 1863 1544 obtrectantis
1892 1508 1986 1545 au-

279 1573 422 1624 tem
451 1568 636 1627 alieno
657 1568 831 1639 bon0,
853 1568 1010 1644 quod
1031 1568 1090 1624 id
1113 1568 1287 1625 etiam
1312 1568 1457 1625 alius
1476 1567 1721 1625 habeat?
1788 1567 1901 1636 Qui
1924 1568 1985 1624 id

301 1648 607 1725 approbari
635 1648 838 1724 possit,
863 1648 1281 1724 aegritudinem
1318 1649 1602 1725 suspicere
1636 1667 1741 1725 pro
1771 1649 1987 1725 experi-

301 1729 474 1799 entia,
499 1729 548 1784 si
583 1728 732 1806 quid
753 1728 964 1786 habere
999 1727 1175 1785 velis?
1216 1747 1349 1784 nam
1386 1728 1571 1785 solum
1604 1728 1813 1786 habere
1841 1729 1986 1786 velle

301 1814 528 1865 summa
555 1809 846 1867 dementia
871 1816 975 1867 est.
1062 1809 1155 1866 57.
1200 1808 1627 1867 Mediocritates
1654 1817 1847 1867 autem
1870 1830 1988 1867 ma-

301 1889 490 1947 lorum
515 1890 649 1966 'quis
682 1888 912 1947 laudare
943 1896 1096 1947 reete
1124 1890 1345 1966 possit?
1420 1889 1564 1957 Quis
1588 1890 1743 1947 enim
1772 1898 1984 1968 potest,

299 1970 360 2026 in
393 1989 510 2047 quo
542 1968 726 2027 libido
761 1970 1115 2046 cupiditasve
1150 1970 1243 2040 sit,
1274 1989 1391 2027 non
1426 1969 1768 2027 libidinosus
1802 1978 1861 2028 et
1894 1990 1989 2027 cu-

301 2050 475 2127 pidus
496 2051 650 2107 esse?
690 2050 750 2106 in
775 2070 890 2128 quo
919 2050 1018 2119 ira,
1041 2069 1163 2106 non
1184 2050 1525 2107 iracundus?
1566 2050 1625 2107 in
1650 2069 1765 2127 quo
1788 2070 1984 2127 angor,

302 2150 422 2187 non
455 2130 690 2187 anxius?
730 2130 790 2186 in
821 2148 937 2207 quo
969 2130 1164 2200 timor,
1187 2149 1305 2187 non
1337 2130 1615 2188 timidus?
1696 2130 1989 2187 Libidino-

303 2230 428 2268 sum
459 2210 638 2286 igitur
670 2217 728 2267 et
755 2210 1091 2267 iracundum
1128 2217 1186 2267 et
1214 2210 1447 2267 anxium
1476 2217 1536 2266 et
1561 2210 1833 2268 timidum
1863 2230 1989 2267 een-

303 2310 495 2348 semus
539 2309 661 2347 esse
707 2290 1056 2366 sapientem?
1105 2290 1177 2347 de
1222 2291 1385 2347 cuius
1429 2288 1761 2347 excellentia
1806 2290 1990 2346 multa

303 2371 535 2448 quidem
574 2370 689 2427 dici
723 2370 982 2447 quamvis
1014 2370 1146 2427 fuse
1176 2369 1401 2447 lateque
1442 2376 1703 2447 possunt,
1735 2370 1835 2427 sed
1868 2369 1990 2427 bre-

302 2452 534 2509 vissime
563 2450 662 2508 illo
689 2451 886 2521 mode,
912 2450 1251 2527 sapientiam
1286 2470 1407 2507 esse
1440 2469 1630 2507 rerum
1665 2450 1985 2507 divinarum

301 2539 361 2589 et
381 2532 757 2589 humanarum
783 2532 1081 2589 scientiam
1099 2530 1623 2608 cognitionemque,
1646 2550 1791 2607 quae
1806 2531 1991 2589 euius-

303 2632 416 2689 que
444 2611 526 2669 rei
555 2631 725 2669 causa
756 2612 847 2669 sit.
933 2611 1021 2668 Ex
1051 2630 1165 2688 quo
1200 2610 1458 2682 efficitur,
1482 2619 1549 2668 ut
1582 2612 1778 2668 divina
1805 2612 1991 2669 imite—

300 2701 415 2762 tur,
439 2692 692 2749 humana
719 2692 916 2750 omnia
942 2691 1216 2749 inferiora
1242 2692 1455 2749 virtute
1484 2692 1670 2748 ducat.
1746 2692 1812 2748 In
1842 2692 1988 2748 hanc

302 2781 370 2830 tu
403 2773 584 2849 igitur
615 2779 910 2849 tamquam
945 2772 1005 2829 in
1039 2791 1211 2841 mare,
1238 2772 1395 2847 quod
1433 2780 1519 2829 est
1546 2773 1741 2829 ventis
1776 2772 1990 2830 subiec-

301 2861 452 2923 tum,
474 2852 962 2929 perturbationem
985 2852 1185 2909 cadere
1206 2852 1315 2908 tibi
1339 2852 1532 2909 dixisti
1556 2853 1774 2909 videri?
1836 2852 1989 2919 Quid

303 2939 392 2990 est
422 2932 579 3011 quod
610 2939 828 2990 tantam
866 2933 1205 3008 gravitatem
1243 2933 1739 3009 constantiamque
1772 2940 1991 3007 pertur-

301 3013 439 3071 bet?
480 3032 551 3069 an
581 3012 958 3089 improvisum
988 3011 1202 3088 aliquid
1239 3019 1339 3069 aut
1365 3012 1769 3089 repentinum?
1836 3009 1989 3077 Quid

302 3100 500 3171 potest
527 3092 780 3151 accidere
810 3091 922 3148 tale
952 3092 1020 3160 ei,
1045 3092 1136 3147 cui
1160 3091 1302 3148 nihil
1328 3091 1734 3168 quod-,homini
1766 3090 1990 3147 evenire

303 3173 489 3251 possit
525 3166 662 3245 [non
693 3172 1177 3244 praemeditatum
1220 3169 1361 3303 siqss
1444 3170 1595 3225 Nam
1631 3169 1786 3243 quod
1829 3170 1991 3223 aiunt

304 3252 488 3311 nimia
521 3252 757 3310 resecari
793 3257 1074 3327 oportere,
1104 3256 1307 3305 natura
1330 3250 1383 3303 ia
1411 3247 1671 3321 relinqui,
1698 3246 1837 3319 quid
1871 3252 1992 3301 tau-
